
%\input{referencesBoote}

@ARTICLE{Tasse18,
   author = {{Tasse}, C. and {Hugo}, B. and {Mirmont}, M. and {Smirnov}, O. and {Atemkeng}, M. and {Bester}, L. and {Hardcastle}, M.~J. and
	{Lakhoo}, R. and {Perkins}, S. and {Shimwell}, T.},
    title = "{Faceting for direction-dependent spectral deconvolution}",
  journal = {A\&A},
archivePrefix = "arXiv",
   eprint = {1712.02078},
 primaryClass = "astro-ph.IM",
 keywords = {instrumentation: adaptive optics, instrumentation: interferometers, methods: data analysis, techniques: interferometric},
     year = 2018,
  %  note = {\href{https://arxiv.org/abs/1712.02078}{arXiv:1712.02078}},
      doi = {10.1051/0004-6361/201731474},
   adsurl = {http://adsabs.harvard.edu/abs/2018A%26A...611A..87T},
  adsnote = {Provided by the SAO/NASA Astrophysics Data System}
}

@ARTICLE{Repetti17,
   author = {{Repetti}, A. and {Birdi}, J. and {Dabbech}, A. and {Wiaux}, Y.
	},
    title = "{Non-convex optimization for self-calibration of direction-dependent effects in radio interferometric imaging}",
  journal = {MNRAS},
archivePrefix = "arXiv",
   eprint = {1701.03689},
 primaryClass = "astro-ph.IM",
 keywords = {techniques: image processing, techniques: interferometric},
     year = 2017,
    month = oct,
   volume = 470,
    pages = {3981-4006},
      doi = {10.1093/mnras/stx1267},
   adsurl = {http://adsabs.harvard.edu/abs/2017MNRAS.470.3981R},
  adsnote = {Provided by the SAO/NASA Astrophysics Data System}
}

@ARTICLE{Yatawatta15,
   author = {{Yatawatta}, S.},
    title = "{Distributed radio interferometric calibration}",
  journal = {MNRAS},
archivePrefix = "arXiv",
   eprint = {1502.00858},
 primaryClass = "astro-ph.IM",
 keywords = {Instrumentation: interferometers, methods: numerical, techniques: interferometric},
     year = 2015,
    month = jun,
   volume = 449,
    pages = {4506-4514},
      doi = {10.1093/mnras/stv596},
   adsurl = {http://adsabs.harvard.edu/abs/2015MNRAS.449.4506Y},
  adsnote = {Provided by the SAO/NASA Astrophysics Data System}
}


@ARTICLE{Smirnov2011_3,
   author = {{Smirnov}, O.~M.},
    title = "{Revisiting the radio interferometer measurement equation. III. Addressing direction-dependent effects in 21 cm WSRT observations of 3C 147}",
  journal = {A\&A},
archivePrefix = "arXiv",
   eprint = {1101.1768},
 primaryClass = "astro-ph.IM",
 keywords = {methods: analytical, methods: data analysis, methods: numerical, techniques: interferometric, techniques: polarimetric},
     year = 2011,
    month = mar,
   volume = 527,
      eid = {A108},
    pages = {A108},
      doi = {10.1051/0004-6361/201116435},
   adsurl = {http://adsabs.harvard.edu/abs/2011A%26A...527A.108S},
  adsnote = {Provided by the SAO/NASA Astrophysics Data System}
}


@ARTICLE{Hamaker2000,
   author = {{Hamaker}, J.~P.},
    title = "{Understanding radio polarimetry. IV. The full-coherency analogue of scalar self-calibration: Self-alignment, dynamic range and polarimetric fidelity}",
  journal = {A\&As},
 keywords = {INSTRUMENTATION: INTERFEROMETERS, INSTRUMENTATION: POLARIMETERS, METHODS: ANALYTICAL, METHODS: OBSERVATIONAL, TECHNIQUES: INTERFEROMETRIC, TECHNIQUES: POLARIMETRIC},
     year = 2000,
    month = may,
   volume = 143,
    pages = {515-534},
      doi = {10.1051/aas:2000337},
   adsurl = {http://adsabs.harvard.edu/abs/2000A%26AS..143..515H},
  adsnote = {Provided by the SAO/NASA Astrophysics Data System}
}



@ARTICLE{Intema17,
   author = {{Intema}, H.~T. and {Jagannathan}, P. and {Mooley}, K.~P. and
	{Frail}, D.~A.},
    title = "{The GMRT 150 MHz all-sky radio survey. First alternative data release TGSS ADR1}",
  journal = {A\&A},
archivePrefix = "arXiv",
   eprint = {1603.04368},
 keywords = {surveys, catalogs, radio continuum: general, techniques: image processing},
     year = 2017,
    month = feb,
   volume = 598,
      eid = {A78},
    pages = {A78},
      doi = {10.1051/0004-6361/201628536},
   adsurl = {http://adsabs.harvard.edu/abs/2017A%26A...598A..78I},
  adsnote = {Provided by the SAO/NASA Astrophysics Data System}
}

@ARTICLE{Shimwell18,
   author = {{Shimwell}, T.~W. and {Tasse}, C. and {Hardcastle}, M.~J. and
	{Mechev}, A.~P. and {Williams}, W.~L. and {Best}, P.~N. and
	{R{\"o}ttgering}, H.~J.~A.},
    title = "{The LOFAR Two-metre Sky Survey - II. First data release}",
  journal = {ArXiv e-prints},
archivePrefix = "arXiv",
   eprint = {1811.07926},
 keywords = {Astrophysics - Astrophysics of Galaxies, Astrophysics - Cosmology and Nongalactic Astrophysics, Astrophysics - High Energy Astrophysical Phenomena, Astrophysics - Instrumentation and Methods for Astrophysics},
     year = 2018,
    month = nov,
   adsurl = {http://adsabs.harvard.edu/abs/2018arXiv181107926S},
  adsnote = {Provided by the SAO/NASA Astrophysics Data System}
}

@article{Wirtinger27,
	author = "Wirtinger, W.",
	journal = "Mathematische Annalen",
	volume = "97",
  pages = "357--376",
	title = "{Zur formalen Theorie der Funktionen von mehr komplexen VerÃ¤nderlichen}",
	year = "1927"
}


@techreport{Kogan09,
  title={Faceted imaging in AIPS},
  number={113},
  author={Kogan, Leonid and Greisen, Eric W.},
  year={2009},
  series={AIPS memo series},
  institution={National Radio Astronomy Observatory. Associated Universities, Inc.}
}

@article{Kreutz09,
	author = "Kreutz-Delgado, Ken",
	title = "The Complex Gradient Operator and the CR-Calculus",
	journal = "arXiv:math/0906.4835",
	year = 2009
}

@article{Laurent12,
	author = "Laurent, S. and {van Barel}, M. and {de Lathauwer}, L.",
	journal = "SIAM J. Optim.",
	volume = "22",
  number = "3",
  pages = "879--898",
	title = "{Unconstrained optimization of real functions in complex variables}",
	year = "2012"
}

@ARTICLE{Salvini14,
   author = {{Salvini}, S. and {Wijnholds}, S.~J.},
    title = "{Fast gain calibration in radio astronomy using alternating direction implicit methods: Analysis and applications}",
  journal = {A\&A},
archivePrefix = "arXiv",
   eprint = {1410.2101},
 primaryClass = "astro-ph.IM",
 keywords = {instrumentation: interferometers, methods: numerical, methods: statistical, techniques: interferometric},
     year = 2014,
    month = nov,
   volume = 571,
      eid = {A97},
    pages = {A97},
      doi = {10.1051/0004-6361/201424487},
   adsurl = {http://cdsads.u-strasbg.fr/abs/2014A%26A...571A..97S},
  adsnote = {Provided by the SAO/NASA Astrophysics Data System}
}

@ARTICLE{Smirnov15,
   author = {{Smirnov}, O.~M. and {Tasse}, C.},
    title = "{Radio interferometric gain calibration}",
  journal = {MNRAS},
archivePrefix = "arXiv",
   eprint = {1502.06974},
 primaryClass = "astro-ph.IM",
 keywords = {instrumentation: interferometers, methods: analytical, methods: numerical, techniques: interferometric},
     year = 2015,
      note = {\href{https://arxiv.org/abs/1502.06974}{arXiv:1502.06974}},
}

@ARTICLE{Dabbech15,
   author = {{Dabbech}, A. and {Ferrari}, C. and {Mary}, D. and {Slezak}, E. and
	{Smirnov}, O. and {Kenyon}, J.~S.},
    title = "{MORESANE: MOdel REconstruction by Synthesis-ANalysis Estimators. A sparse deconvolution algorithm for radio interferometric imaging}",
  journal = {A\&A},
archivePrefix = "arXiv",
   eprint = {1412.5387},
 primaryClass = "astro-ph.IM",
 keywords = {methods: numerical, methods: data analysis, techniques: image processing, techniques: interferometric},
     year = 2015,
    month = apr,
   volume = 576,
      eid = {A7},
    pages = {A7},
      doi = {10.1051/0004-6361/201424602},
   adsurl = {http://cdsads.u-strasbg.fr/abs/2015A%26A...576A...7D},
  adsnote = {Provided by the SAO/NASA Astrophysics Data System}
}

@inproceedings{cotton1999special,
  title={Special problems in imaging},
  author={Cotton, WD},
  booktitle={Synthesis Imaging in Radio Astronomy II},
  volume={180},
  pages={357},
  year={1999}
}

@inproceedings{cotton1989special,
  title={Special problems in imaging},
  author={Cotton, William D},
  booktitle={Synthesis Imaging in Radio Astronomy},
  volume={6},
  pages={233},
  year={1989}
}

@article{atemkeng2016,
  title={Use of baseline-dependent averaging applied to baseline-dependent window functions to improve the
field-of-interest and for data compression},
  author={{Atemkeng}, M. T. and {Smirnov}, O. M. , {Tasse}, C. and {Foster}, G., {Keimpema}, A. and {Paragi}, Z. and {Jonas}, J.},
  journal={{In preparation}},
  volume={},
  pages={},
  year={2016},
  publisher={}
}

@ARTICLE{Perkins15,
   author = {{Perkins}, S.~J. and {Marais}, P.~C. and {Zwart}, J.~T.~L. and
	{Natarajan}, I. and {Tasse}, C. and {Smirnov}, O.},
    title = "{Montblanc$^{1}$: GPU accelerated radio interferometer measurement equations in support of Bayesian inference for radio observations}",
  journal = {Astronomy and Computing},
archivePrefix = "arXiv",
   eprint = {1501.07719},
 primaryClass = "cs.DC",
 keywords = {GPGPU, Computing methodologies: massively parallel algorithms, Applied computing: astronomy, Techniques: interferometric, Instrumentation: interferometers, Methods: statistical},
     year = 2015,
    month = sep,
   volume = 12,
    pages = {73-85},
      doi = {10.1016/j.ascom.2015.06.003},
   adsurl = {http://cdsads.u-strasbg.fr/abs/2015A%26C....12...73P},
  adsnote = {Provided by the SAO/NASA Astrophysics Data System}
}


@article{DEAP,
    author    = " F\'elix-Antoine Fortin and Fran\c{c}ois-Michel {De Rainville} and Marc-Andr\'e Gardner and Marc Parizeau and Christian Gagn\'e ",
    title     = { {DEAP}: Evolutionary Algorithms Made Easy },
    pages    = { 2171--2175 },
    volume    = { 13 },
    month     = { jul },
    year      = { 2012 },
    journal   = { Journal of Machine Learning Research }
}



@ARTICLE{Yatawatta13,
   author = {{Yatawatta}, S.},
    title = "{Estimation of radio interferometer beam shapes using Riemannian optimization}",
  journal = {Experimental Astronomy},
archivePrefix = "arXiv",
   eprint = {1209.4236},
 primaryClass = "astro-ph.IM",
 keywords = {Radio interferometry, Manifold optimization, Array processing},
     year = 2013,
    month = apr,
   volume = 35,
    pages = {469-487},
      doi = {10.1007/s10686-012-9318-x},
   adsurl = {http://cdsads.u-strasbg.fr/abs/2013ExA....35..469Y},
  adsnote = {Provided by the SAO/NASA Astrophysics Data System}
}

@ARTICLE{Weeren16,
   author = {{van Weeren}, R.~J. and {Williams}, W.~L. and {Hardcastle}, M.~J. and
	{Shimwell}, T.~W. and {Rafferty}, D.~A. and {Sabater}, J. and
	{Heald}, G. and {Sridhar}, S.~S. and {Dijkema}, T.~J. and {Brunetti}, G. and
	{Br{\"u}ggen}, M. and {Andrade-Santos}, F. and {Ogrean}, G.~A. and
	{R{\"o}ttgering}, H.~J.~A. and {Dawson}, W.~A. and {Forman}, W.~R. and
	{de Gasperin}, F. and {Jones}, C. and {Miley}, G.~K. and {Rudnick}, L. and
	{Sarazin}, C.~L. and {Bonafede}, A. and {Best}, P.~N. and {B{\^i}rzan}, L. and
	{Cassano}, R. and {Chy{\.z}y}, K.~T. and {Croston}, J.~H. and
	{Ensslin}, T. and {Ferrari}, C. and {Hoeft}, M. and {Horellou}, C. and
	{Jarvis}, M.~J. and {Kraft}, R.~P. and {Mevius}, M. and {Intema}, H.~T. and
	{Murray}, S.~S. and {Orr{\'u}}, E. and {Pizzo}, R. and {Simionescu}, A. and
	{Stroe}, A. and {van der Tol}, S. and {White}, G.~J.},
    title = "{LOFAR Facet Calibration}",
  journal = {\apjs},
archivePrefix = "arXiv",
   eprint = {1601.05422},
 primaryClass = "astro-ph.IM",
 keywords = {techniques: interferometric},
     year = 2016,
    month = mar,
   volume = 223,
      eid = {2},
    pages = {2},
      doi = {10.3847/0067-0049/223/1/2},
   adsurl = {http://cdsads.u-strasbg.fr/abs/2016ApJS..223....2V},
  adsnote = {Provided by the SAO/NASA Astrophysics Data System}
}

@ARTICLE{Retana18,
   author = {{Retana-Montenegro}, E. and {R{\"o}ttgering}, H.~J.~A. and {Shimwell}, T.~W. and
	{van Weeren}, R.~J. and {Prandoni}, I. and {Brunetti}, G. and
	{Best}, P.~N. and {Br{\"u}ggen}, M.},
    title = "{Deep LOFAR 150 MHz imaging of the Bo{\"o}tes field: Unveiling the faint low-frequency sky}",
  journal = {A\&A},
archivePrefix = "arXiv",
   eprint = {1807.04878},
 keywords = {surveys, catalogs, radio continuum: general, techniques: image processing},
     year = 2018,
    month = dec,
   volume = 620,
      eid = {A74},
    pages = {A74},
      doi = {10.1051/0004-6361/201833677},
   adsurl = {http://adsabs.harvard.edu/abs/2018A%26A...620A..74R},
  adsnote = {Provided by the SAO/NASA Astrophysics Data System}
}


@ARTICLE{Williams16,
   author = {{Williams}, W.~L. and {van Weeren}, R.~J. and {R{\"o}ttgering}, H.~J.~A. and
	{Best}, P. and {Dijkema}, T.~J. and {de Gasperin}, F. and {Hardcastle}, M.~J. and
	{Heald}, G. and {Prandoni}, I. and {Sabater}, J. and {Shimwell}, T.~W. and
	{Tasse}, C. and {van Bemmel}, I.~M. and {Br{\"u}ggen}, M. and
	{Brunetti}, G. and {Conway}, J.~E. and {En{\ss}lin}, T. and
	{Engels}, D. and {Falcke}, H. and {Ferrari}, C. and {Haverkorn}, M. and
	{Jackson}, N. and {Jarvis}, M.~J. and {Kapi{\'n}ska}, A.~D. and
	{Mahony}, E.~K. and {Miley}, G.~K. and {Morabito}, L.~K. and
	{Morganti}, R. and {Orr{\'u}}, E. and {Retana-Montenegro}, E. and
	{Sridhar}, S.~S. and {Toribio}, M.~C. and {White}, G.~J. and
	{Wise}, M.~W. and {Zwart}, J.~T.~L.},
    title = "{LOFAR 150-MHz observations of the Bo{\"o}tes field: Catalogue and Source Counts}",
  journal = {MNRAS},
 keywords = {Techniques:interferometric, Surveys, Galaxies:active, Radio continuum:galaxies},
     year = 2016,
    month = may,
      doi = {10.1093/mnras/stw1056},
   adsurl = {http://cdsads.u-strasbg.fr/abs/2016MNRAS.tmp..926W},
  adsnote = {Provided by the SAO/NASA Astrophysics Data System}
}

@ARTICLE{Cornwell08_MS,
   author = {{Cornwell}, T.~J.},
    title = "{Multiscale CLEAN Deconvolution of Radio Synthesis Images}",
  journal = {IEEE Journal of Selected Topics in Signal Processing},
     year = 2008,
    month = nov,
   volume = 2,
    pages = {793-801},
      doi = {10.1109/JSTSP.2008.2006388},
   adsurl = {http://cdsads.u-strasbg.fr/abs/2008ISTSP...2..793C},
  adsnote = {Provided by the SAO/NASA Astrophysics Data System}
}


@ARTICLE{Garsden15,
   author = {{Garsden}, H. and {Girard}, J.~N. and {Starck}, J.~L. and {Corbel}, S. and {Tasse}, C. and {Woiselle}, A. and {McKean}, J.~P. and {van Amesfoort}, A.~S. and {Anderson}, J. and {Avruch}, I.~M. and {Beck}, R. and {Bentum}, M.~J. and {Best}, P. and {Breitling}, and {Tasse}, C. and {Thoudam}, S. and {Toribio}, C. and {Vermeulen}, R. and {Vocks}, C. and {van Weeren}, R.~J. and {Wijnholds}, S.~J. and {Wise}, M.~W. and {Wucknitz}, O. and {Yatawatta}, S. and {Zarka}, P. and {Zensus}, A.},
    title = "{{LOFAR sparse image reconstruction}}",
  journal = {A\&A},
archivePrefix = "arXiv",
   eprint = {1406.7242},
 primaryClass = "astro-ph.IM",
 keywords = {techniques: interferometric, methods: numerical, techniques: image processing},
     year = 2015,
    note = {\href{https://arxiv.org/abs/1406.7242}{arXiv:1406.7242}},
      doi = {10.1051/0004-6361/201424504},
   adsurl = {http://cdsads.u-strasbg.fr/abs/2015A%26A...575A..90G},
  adsnote = {Provided by the SAO/NASA Astrophysics Data System}
}

@ARTICLE{Bhatnagar13,
   author = {{Bhatnagar}, S. and {Rau}, U. and {Golap}, K.},
    title = "{Wide-field wide-band Interferometric Imaging: The WB A-Projection and Hybrid Algorithms}",
  journal = {\apj},
archivePrefix = "arXiv",
   eprint = {1304.4987},
 primaryClass = "astro-ph.IM",
 keywords = {methods: data analysis, techniques: image processing, techniques: interferometric },
     year = 2013,
    month = jun,
   volume = 770,
      eid = {91},
    pages = {91},
      doi = {10.1088/0004-637X/770/2/91},
   adsurl = {http://cdsads.u-strasbg.fr/abs/2013ApJ...770...91B},
  adsnote = {Provided by the SAO/NASA Astrophysics Data System}
}

@ARTICLE{Cornwell08_MSClean,
   author = {{Cornwell}, T.~J.},
    title = "{Multiscale CLEAN Deconvolution of Radio Synthesis Images}",
  journal = {IEEE Journal of Selected Topics in Signal Processing},
     year = 2008,
    month = nov,
   volume = 2,
    pages = {793-801},
      doi = {10.1109/JSTSP.2008.2006388},
   adsurl = {http://cdsads.u-strasbg.fr/abs/2008ISTSP...2..793C},
  adsnote = {Provided by the SAO/NASA Astrophysics Data System}
}

@ARTICLE{Sault96,
   author = {{Sault}, R.~J. and {Staveley-Smith}, L. and {Brouw}, W.~N.},
    title = "{An approach to interferometric mosaicing.}",
  journal = {A\&As},
 keywords = {TECHNIQUES: INTERFEROMETRIC, METHODS: DATA ANALYSIS, MAGELLANIC CLOUDS, RADIO LINES: GALAXIES},
     year = 1996,
    month = dec,
   volume = 120,
    pages = {375-384},
   adsurl = {http://cdsads.u-strasbg.fr/abs/1996A%26AS..120..375S},
  adsnote = {Provided by the SAO/NASA Astrophysics Data System}
}

@techreport{Kogan09,
  title={Faceted imaging in AIPS},
  number={113},
  author={Kogan, Leonid and Greisen, Eric W.},
  year={2009},
  series={AIPS memo series},
  institution={National Radio Astronomy Observatory. Associated Universities, Inc.}
}

@book{Jacob04,
  title={The montage architecture for grid-enabled science processing of large, distributed datasets},
  author={Jacob, Joseph C and Katz, Daniel S and Prince, Thomas and Berriman, G Bruce and Good, John C and Laity, Anastasia C and Deelman, Ewa and Singh, Gurmeet and Su, Mei-Hui},
  year={2004},
  publisher={Pasadena, CA: Jet Propulsion Laboratory, National Aeronautics and Space Administration}
}

@ARTICLE{Cornwell92,
   author = {{Cornwell}, T.~J. and {Perley}, R.~A.},
    title = "{Radio-interferometric imaging of very large fields - The problem of non-coplanar arrays}",
  journal = {A\&A},
 keywords = {Image Analysis, Interferometry, Radio Sources (Astronomy), Very Large Array (Vla), Apertures, Fourier Transformation, Image Processing, Image Reconstruction, Sky Brightness},
     year = 1992,
    month = jul,
   volume = 261,
    pages = {353-364},
   adsurl = {http://cdsads.u-strasbg.fr/abs/1992A%26A...261..353C},
  adsnote = {Provided by the SAO/NASA Astrophysics Data System}
}



@ARTICLE{Tasse14b,
   author = {{Tasse}, C.},
    title = "{Applying Wirtinger derivatives to calibration}",
  journal = {ArXiv e-prints},
archivePrefix = "arXiv",
   eprint = {1410.8706},
   note = {\href{https://arxiv.org/abs/1410.8706}{arXiv:1410.8706}},
 primaryClass = "astro-ph.IM",
 keywords = {Astrophysics - Instrumentation and Methods for Astrophysics},
     year = 2014,
   adsurl = {http://cdsads.u-strasbg.fr/abs/2014arXiv1410.8706T},
  adsnote = {Provided by the SAO/NASA Astrophysics Data System}
}


@article{Tasse14a,
   author = {{Tasse}, C.},
    title = "{Nonlinear Kalman filters for calibration in radio interferometry}",
  journal = {A\&A},
archivePrefix = "arXiv",
   eprint = {1403.6308},
 primaryClass = "astro-ph.IM",
 keywords = {instrumentation: interferometers, methods: data analysis, techniques: interferometric},
     year = 2014,
    month = jun,
   volume = 566,
      eid = {A127},
    pages = {A127},
    note = {\href{https://arxiv.org/abs/1403.6308}{arXiv:1403.6308}},
      doi = {10.1051/0004-6361/201423503},
   adsurl = {http://adsabs.harvard.edu/abs/2014A%26A...566A.127T},
  adsnote = {Provided by the SAO/NASA Astrophysics Data System}
}

@ARTICLE{Kogan09,
   author = {{Kogan}, and {Greizen}},
    title = "{Faceted imaging in AIPS}",
  journal = {},
archivePrefix = "arXiv",
   eprint = {},
 primaryClass = "astro-ph.IM",
 keywords = {instrumentation: interferometers, techniques: interferometric, techniques: image processing},
     year = 2009,
    month = may,
      eid = {},
    pages = {},
      doi = {10.1051/0004-6361/201220882},
   adsurl = {http://adsabs.harvard.edu/abs/2013A%26A...553A.105T},
  adsnote = {Provided by the SAO/NASA Astrophysics Data System}
}



@ARTICLE{Tasse13,
   author = {{Tasse}, C. and {van der Tol}, S. and {van Zwieten}, J. and
	{van Diepen}, G. and {Bhatnagar}, S.},
    title = "{Applying full polarization A-Projection to very wide field of view instruments: An imager for LOFAR}",
  journal = {A\&A},
archivePrefix = "arXiv",
   eprint = {1212.6178},
 primaryClass = "astro-ph.IM",
 keywords = {instrumentation: interferometers, techniques: interferometric, techniques: image processing},
     year = 2013,
    month = may,
   volume = 553,
      eid = {A105},
    pages = {A105},
      doi = {10.1051/0004-6361/201220882},
   adsurl = {http://adsabs.harvard.edu/abs/2013A%26A...553A.105T},
  adsnote = {Provided by the SAO/NASA Astrophysics Data System}
}

@ARTICLE{Yatawatta13,
   author = {{Yatawatta}, S.},
    title = "{Estimation of radio interferometer beam shapes using Riemannian optimization}",
  journal = {Experimental Astronomy},
archivePrefix = "arXiv",
   eprint = {1209.4236},
 primaryClass = "astro-ph.IM",
 keywords = {Radio interferometry, Manifold optimization, Array processing},
     year = 2013,
    month = apr,
   volume = 35,
    pages = {469-487},
      doi = {10.1007/s10686-012-9318-x},
   adsurl = {http://adsabs.harvard.edu/abs/2013ExA....35..469Y},
  adsnote = {Provided by the SAO/NASA Astrophysics Data System}
}

@INPROCEEDINGS{Bhatnagar03,
   author = {{Bhatnagar}, S. and {Urvashi}, R.~V. and {Nityananda}, R.},
    title = "{Solving for Polarization Leakage in Radio Interferometers Using Unpolarized Source}",
booktitle = {Astronomical Data Analysis Software and Systems XII},
     year = 2003,
   series = {Astronomical Society of the Pacific Conference Series},
   volume = 295,
   editor = {{Payne}, H.~E. and {Jedrzejewski}, R.~I. and {Hook}, R.~N.},
    pages = {469},
   adsurl = {http://adsabs.harvard.edu/abs/2003ASPC..295..469B},
  adsnote = {Provided by the SAO/NASA Astrophysics Data System}
}

@ARTICLE{Noordam10,
   author = {{Noordam}, J.~E. and {Smirnov}, O.~M.},
    title = "{The MeqTrees software system and its use for third-generation calibration of radio interferometers}",
  journal = {A\&A},
archivePrefix = "arXiv",
   eprint = {1101.1745},
 primaryClass = "astro-ph.IM",
 keywords = {methods: numerical, methods: data analysis, techniques: interferometric, techniques: polarimetric},
     year = 2010,
    month = dec,
   volume = 524,
      eid = {A61},
    pages = {A61},
      doi = {10.1051/0004-6361/201015013},
   adsurl = {http://adsabs.harvard.edu/abs/2010A%26A...524A..61N},
  adsnote = {Provided by the SAO/NASA Astrophysics Data System}
}

@INPROCEEDINGS{Walker99,
   author = {{Walker}, R.~C.},
    title = "{Very Long Baseline Interferometry}",
booktitle = {Synthesis Imaging in Radio Astronomy II},
     year = 1999,
   series = {Astronomical Society of the Pacific Conference Series},
   volume = 180,
   editor = {{Taylor}, G.~B. and {Carilli}, C.~L. and {Perley}, R.~A.},
    pages = {433},
   adsurl = {http://adsabs.harvard.edu/abs/1999ASPC..180..433W},
  adsnote = {Provided by the SAO/NASA Astrophysics Data System}
}

@INPROCEEDINGS{Cotton95,
   author = {{Cotton}, W.~D.},
    title = "{Fringe Fitting}",
booktitle = {Very Long Baseline Interferometry and the VLBA},
     year = 1995,
   series = {Astronomical Society of the Pacific Conference Series},
   volume = 82,
   editor = {{Zensus}, J.~A. and {Diamond}, P.~J. and {Napier}, P.~J.},
    pages = {189},
   adsurl = {http://adsabs.harvard.edu/abs/1995ASPC...82..189C},
  adsnote = {Provided by the SAO/NASA Astrophysics Data System}
}

@unpublished{Smirnov2011qmc,
  author = "Smirnov, O. M.",
  title = "{Solving For Primary Beams, Pointing Errors And The
Westerbork Wobble}",
  note = "presentation at CALIM2011 conference",
  year = "2011",
  url =
"https://indico.skatelescope.org/getFile.py/access?contribId=20&sessionId=9&resId=0&materialId=0&confId=171"
}

@article{Kalman60,
  added-at = {2008-06-11T11:40:47.000+0200},
  author = {Kalman, R. E.},
  biburl = {http://www.bibsonomy.org/bibtex/2dfe4aa142358e582105e6a28c5ebbf9b/phbaer},
  citeulike-article-id = {347166},
  interhash = {46000cea585242435901ab4a9f5738b5},
  intrahash = {dfe4aa142358e582105e6a28c5ebbf9b},
  keywords = {ee520 filtering kalman-filtering},
  posted-at = {2005-10-10 20:28:49},
  priority = {2},
  timestamp = {2008-06-11T11:40:47.000+0200},
  title = {A New Approach to Linear Filtering and Prediction Problems},
  url = {http://www.cs.unc.edu/~welch/kalman/media/pdf/Kalman1960.pdf},
  year = 1960
}

@ARTICLE{Yatawatta08,
   author = {{Yatawatta}, S. and {Zaroubi}, S. and {de Bruyn}, G. and {Koopmans}, L. and
	{Noordam}, J.},
    title = "{Radio Interferometric Calibration Using The SAGE Algorithm}",
  journal = {ArXiv e-prints},
archivePrefix = "arXiv",
   eprint = {0810.5751},
 keywords = {Astrophysics},
     year = 2008,
    month = oct,
   adsurl = {http://adsabs.harvard.edu/abs/2008arXiv0810.5751Y},
  adsnote = {Provided by the SAO/NASA Astrophysics Data System}
}

@ARTICLE{Yavuz07,
   author = {{Yavuz}, E., {ArÄ±kan}, F., {ArÄ±kan}, O., {Erol}, C. B.},
    title = "{ALGORITHMS AND BASIS FUNCTIONS IN TOMOGRAPHIC RECONSTRUCTION
OF IONOSPHERIC ELECTRON DENSITY}",
  journal = {13th, European Signal Processing Conference},
archivePrefix = "",
   eprint = {},
 primaryClass = "",
 keywords = {},
     year = 2007,
    pages = {2394-2397},
      doi = {10.1111/j.1365-2966.2011.18506.x},
   adsurl = {http://adsabs.harvard.edu/abs/2011MNRAS.414.1656K},
  adsnote = {Provided by the SAO/NASA Astrophysics Data System}
}


@ARTICLE{Kazemi11,
   author = {{Kazemi}, S. and {Yatawatta}, S. and {Zaroubi}, S. and {Lampropoulos}, P. and
	{de Bruyn}, A.~G. and {Koopmans}, L.~V.~E. and {Noordam}, J.
	},
    title = "{Radio interferometric calibration using the SAGE algorithm}",
  journal = {MNRAS},
archivePrefix = "arXiv",
   eprint = {1012.1722},
 primaryClass = "astro-ph.IM",
 keywords = {methods: numerical, methods: statistical, techniques: interferometric},
     year = 2011,
    month = jun,
   volume = 414,
    pages = {1656-1666},
      doi = {10.1111/j.1365-2966.2011.18506.x},
   adsurl = {http://adsabs.harvard.edu/abs/2011MNRAS.414.1656K},
  adsnote = {Provided by the SAO/NASA Astrophysics Data System}
}

@ARTICLE{Hager89,
   author = {{Hager}, W. W.},
    title = "{Updating the inverse of a matrix}",
  journal = {Society for Industrial and Applied Mathematics},
     year = 1989,
    pages = {},
      doi = {10.1137/1031049},
   adsurl = {},
  adsnote = {}
}

@ARTICLE{Wan00,
   author = {{Wan}, E. A. and {van der Merwe}, R.},
    title = "{The Unscented Kalman Filter for Nonlinear Estimation}",
  journal = {The Unscented Kalman Filter for Nonlinear Estimation},
     year = 2000,
    pages = {},
      doi = {},
   adsurl = {},
  adsnote = {}
}

@INPROCEEDINGS{Eriksson96,
   author = {{Eriksson}, J. and {Wedin}, P.-{\AA}.~K.},
    title = "{Regularization Methods for Almost Rank-Deficient Nonlinear Problems}",
booktitle = {Inverse Methods.  Interdisciplinary Elements of Methodology, Computation, and Applications.},
     year = 1996,
   editor = {{Jacobsen}, B.~H. and {Moosegard}, K. and {Sibani}, P.},
    pages = {295},
   adsurl = {http://adsabs.harvard.edu/abs/1996imie.conf..295E},
  adsnote = {Provided by the SAO/NASA Astrophysics Data System}
}

@ARTICLE{Kaipio99,
   author = {{Kaipio}, J.~P. and {Kolehmainen}, V. and {Vauhkonen}, M. and
	{Somersalo}, E.},
    title = "{Inverse problems with structural prior information}",
  journal = {Inverse Problems},
     year = 1999,
    month = jun,
   volume = 15,
    pages = {713-729},
      doi = {10.1088/0266-5611/15/3/306},
   adsurl = {http://adsabs.harvard.edu/abs/1999InvPr..15..713K},
  adsnote = {Provided by the SAO/NASA Astrophysics Data System}
}

@ARTICLE{Hiltunen10,
   author = {{Hiltunen}, P. and {S{\"a}rkk{\"a}}, S. and {Nissil{\"a}}, I. and
	{Lajunen}, A. and {Lampinen}, J.},
    title = "{State space regularization in the nonstationary inverse problem for diffuse optical tomography}",
  journal = {Inverse Problems},
     year = 2011,
    month = feb,
   volume = 27,
   number = 2,
      eid = {025009},
    pages = {025009},
      doi = {10.1088/0266-5611/27/2/025009},
   adsurl = {http://adsabs.harvard.edu/abs/2011InvPr..27b5009H},
  adsnote = {Provided by the SAO/NASA Astrophysics Data System}
}

@ARTICLE{Henar09,
   author = {{Henar}, F. E.},
    title = "{Application of a Kalman Filter with Augmented Measurement Model in Non-Invasive Cardiac Imaging}",
  journal = {Master thesis, Institut f\"ur Biomedizinische Technik},
archivePrefix = "",
   eprint = {},
 primaryClass = "",
 keywords = {},
     year = 2011,
    pages = {},
      doi = {},
   adsurl = {},
  adsnote = {}
}

@ARTICLE{Ding07,
   author = {{Ding}, W. and {Wang}, J. and {Rizos}, C. and {Kinlyside}, D.
	},
    title = "{Improving Adaptive Kalman Estimation in GPS/INS Integration}",
  journal = {Journal of Navigation},
     year = 2007,
    month = aug,
   volume = 60,
    pages = {517},
      doi = {10.1017/S0373463307004316},
   adsurl = {http://adsabs.harvard.edu/abs/2007JNav...60..517D},
  adsnote = {Provided by the SAO/NASA Astrophysics Data System}
}

@techreport{SB:pointing,
  author = "Bhatnagar, S. and Cornwell, T. J. and Golap, K.",
  title = "EVLA Memo 84. Solving for the antenna based pointing errors",
  year = 2004,
  institution = "NRAO",
  series = {EVLA Memos},
  URL    = http://www.aoc.nrao.edu/evla/geninfo/memoseries/evlamemo84.ps
}

@INPROCEEDINGS{Mandel06,
   author = {{Mandel}, J.},
    title = "{ Efficient implementation of the ensemble Kalman filter}",
booktitle = {CCM Report 231},
     year = 2006,
   series = {University of Colorado at Denver and Health Sciences Center},
   editor = {},
    month = jul,
    pages = {},
   adsurl = {http://adsabs.harvard.edu/abs/1997SPIE.3068..182J},
  adsnote = {Provided by the SAO/NASA Astrophysics Data System}
}

@INPROCEEDINGS{Julier97,
   author = {{Julier}, S.~J. and {Uhlmann}, J.~K.},
    title = "{New extension of the Kalman filter to nonlinear systems}",
booktitle = {Signal Processing, Sensor Fusion, and Target Recognition VI},
     year = 1997,
   series = {Society of Photo-Optical Instrumentation Engineers (SPIE) Conference Series},
   volume = 3068,
   editor = {{Kadar}, I.},
    month = jul,
    pages = {182-193},
   adsurl = {http://adsabs.harvard.edu/abs/1997SPIE.3068..182J},
  adsnote = {Provided by the SAO/NASA Astrophysics Data System}
}



@ARTICLE{Sullivan12,
   author = {{Sullivan}, I.~S. and {Morales}, M.~F. and {Hazelton}, B.~J. and
	{Arcus}, W. and {Barnes}, D. and {Bernardi}, G. and {Briggs}, F.~H. and
	{Bowman}, J.~D. and {Bunton}, J.~D. and {Cappallo}, R.~J. and
	{Corey}, B.~E. and {Deshpande}, A. and {deSouza}, L. and {Emrich}, D. and
	{Gaensler}, B.~M. and {Goeke}, R. and {Greenhill}, L.~J. and
	{Herne}, D. and {Hewitt}, J.~N. and {Johnston-Hollitt}, M. and
	{Kaplan}, D.~L. and {Kasper}, J.~C. and {Kincaid}, B.~B. and
	{Koenig}, R. and {Kratzenberg}, E. and {Lonsdale}, C.~J. and
	{Lynch}, M.~J. and {McWhirter}, S.~R. and {Mitchell}, D.~A. and
	{Morgan}, E. and {Oberoi}, D. and {Ord}, S.~M. and {Pathikulangara}, J. and
	{Prabu}, T. and {Remillard}, R.~A. and {Rogers}, A.~E.~E. and
	{Roshi}, A. and {Salah}, J.~E. and {Sault}, R.~J. and {Udaya Shankar}, N. and
	{Srivani}, K.~S. and {Stevens}, J. and {Subrahmanyan}, R. and
	{Tingay}, S.~J. and {Wayth}, R.~B. and {Waterson}, M. and {Webster}, R.~L. and
	{Whitney}, A.~R. and {Williams}, A. and {Williams}, C.~L. and
	{Wyithe}, J.~S.~B.},
    title = "{Fast Holographic Deconvolution: A New Technique for Precision Radio Interferometry}",
  journal = {\apj},
archivePrefix = "arXiv",
   eprint = {1209.1653},
 primaryClass = "astro-ph.IM",
 keywords = {dark ages, reionization, first stars, techniques: image processing, techniques: interferometric},
     year = 2012,
    month = nov,
   volume = 759,
      eid = {17},
    pages = {17},
      doi = {10.1088/0004-637X/759/1/17},
   adsurl = {http://cdsads.u-strasbg.fr/abs/2012ApJ...759...17S},
  adsnote = {Provided by the SAO/NASA Astrophysics Data System}
}

@ARTICLE{Mitchell12,
   author = {{Mitchell}, D.~A. and {Wayth}, R.~B. and {Bernardi}, G. and
	{Greenhill}, L.~J. and {Ord}, S.~M.},
    title = "{Direction-Dependent Polarized Primary Beams in Wide-Field Synthesis Imaging}",
  journal = {Journal of Astronomical Instrumentation },
 keywords = {wide-field synthesis imaging, polarization, snapshot imaging, direction-dependent gridding, Epoch of Reionization},
     year = 2012,
    month = dec,
   volume = 1,
      eid = {1250003},
    pages = {50003},
      doi = {10.1142/S2251171712500031},
   adsurl = {http://cdsads.u-strasbg.fr/abs/2012JAI.....150003M},
  adsnote = {Provided by the SAO/NASA Astrophysics Data System}
}

@ARTICLE{Bernardi11,
   author = {{Bernardi}, G. and {Mitchell}, D.~A. and {Ord}, S.~M. and {Greenhill}, L.~J. and
	{Pindor}, B. and {Wayth}, R.~B. and {Wyithe}, J.~S.~B.},
    title = "{Subtraction of point sources from interferometric radio images through an algebraic forward modelling scheme}",
  journal = {MNRAS},
archivePrefix = "arXiv",
   eprint = {1012.3719},
 primaryClass = "astro-ph.CO",
 keywords = {methods: data analysis, methods: numerical, techniques: interferometric, cosmology: observations, dark ages, reionization, first stars, diffuse radiation},
     year = 2011,
    month = may,
   volume = 413,
    pages = {411-422},
      doi = {10.1111/j.1365-2966.2010.18145.x},
   adsurl = {http://cdsads.u-strasbg.fr/abs/2011MNRAS.413..411B},
  adsnote = {Provided by the SAO/NASA Astrophysics Data System}
}

@ARTICLE{Junklewitz14,
   author = {{Junklewitz}, H. and {Bell}, M.~A. and {En{\ss}lin}, T.},
    title = "{A new approach to multi-frequency synthesis in radio interferometry}",
  journal = {ArXiv e-prints},
archivePrefix = "arXiv",
   eprint = {1401.4711},
 primaryClass = "astro-ph.IM",
 keywords = {Astrophysics - Instrumentation and Methods for Astrophysics},
     year = 2014,
    month = jan,
   adsurl = {http://adsabs.harvard.edu/abs/2014arXiv1401.4711J},
  adsnote = {Provided by the SAO/NASA Astrophysics Data System}
}

@ARTICLE{Oleg11,
   author = {{Smirnov}, O.~M.},
    title = "{Revisiting the radio interferometer measurement equation. I. A full-sky Jones formalism}",
  journal = {A\&A},
archivePrefix = "arXiv",
   eprint = {1101.1764},
 primaryClass = "astro-ph.IM",
 keywords = {methods: numerical, methods: analytical, methods: data analysis, techniques: interferometric, techniques: polarimetric},
     year = 2011,
    month = mar,
   volume = 527,
      eid = {A106},
    pages = {A106},
      doi = {10.1051/0004-6361/201016082},
   adsurl = {http://cdsads.u-strasbg.fr/abs/2011A%26A...527A.106S},
  adsnote = {Provided by the SAO/NASA Astrophysics Data System}
}

@ARTICLE{Rau11,
   author = {{Rau}, U. and {Cornwell}, T.~J.},
    title = "{A multi-scale multi-frequency deconvolution algorithm for synthesis imaging in radio interferometry}",
  journal = {A\&A},
archivePrefix = "arXiv",
   eprint = {1106.2745},
 primaryClass = "astro-ph.IM",
 keywords = {techniques: interferometric, techniques: image processing, methods: numerical, radio continuum: general},
     year = 2011,
    month = aug,
   volume = 532,
      eid = {A71},
    pages = {A71},
      doi = {10.1051/0004-6361/201117104},
   adsurl = {http://cdsads.u-strasbg.fr/abs/2011A%26A...532A..71R},
  adsnote = {Provided by the SAO/NASA Astrophysics Data System}
}

@ARTICLE{Clark80,
   author = {{Clark}, B.~G.},
    title = "{An efficient implementation of the algorithm 'CLEAN'}",
  journal = {A\&A},
 keywords = {ALGORITHMS, DATA PROCESSING, IMAGE PROCESSING, RADIO ASTRONOMY, RUN TIME (COMPUTERS), ASTRONOMICAL PHOTOGRAPHY, COMPUTER TECHNIQUES, FAST FOURIER TRANSFORMATIONS, ITERATIVE SOLUTION, VERY LARGE ARRAY (VLA)},
     year = 1980,
    month = sep,
   volume = 89,
    pages = {377},
   adsurl = {http://cdsads.u-strasbg.fr/abs/1980A%26A....89..377C},
  adsnote = {Provided by the SAO/NASA Astrophysics Data System}
}

@ARTICLE{Hogbom74,
   author = {{H{\"o}gbom}, J.~A.},
    title = "{Aperture Synthesis with a Non-Regular Distribution of Interferometer Baselines}",
  journal = {A\&As},
     year = 1974,
    month = jun,
   volume = 15,
    pages = {417},
   adsurl = {http://cdsads.u-strasbg.fr/abs/1974A%26AS...15..417H},
  adsnote = {Provided by the SAO/NASA Astrophysics Data System}
}

@ARTICLE{McEwen11,
   author = {{McEwen}, J.~D. and {Wiaux}, Y.},
    title = "{Compressed sensing for radio interferometric imaging: review and future direction}",
  journal = {ArXiv e-prints},
archivePrefix = "arXiv",
   eprint = {1110.6137},
 primaryClass = "astro-ph.IM",
 keywords = {Astrophysics - Instrumentation and Methods for Astrophysics},
     year = 2011,
    month = oct,
   adsurl = {http://cdsads.u-strasbg.fr/abs/2011arXiv1110.6137M},
  adsnote = {Provided by the SAO/NASA Astrophysics Data System}
}

@ARTICLE{Bhatnagar12,
   author = {{Bhatnagar}, S. and {Rau}, U. and {Golap}, K.},
    title = "{Wide-field wide-band Interferometric Imaging: The WB A-Projection and Hybrid Algorithms}",
  journal = {\apj},
archivePrefix = "arXiv",
   eprint = {1304.4987},
 primaryClass = "astro-ph.IM",
 keywords = {methods: data analysis, techniques: image processing, techniques: interferometric },
     year = 2013,
    month = jun,
   volume = 770,
      eid = {91},
    pages = {91},
      doi = {10.1088/0004-637X/770/2/91},
   adsurl = {http://adsabs.harvard.edu/abs/2013ApJ...770...91B},
  adsnote = {Provided by the SAO/NASA Astrophysics Data System}
}


@ARTICLE{Yatawatta08,
   author = {{Yatawatta}, S.},
    title = "{Subspace Techniques for Radio-Astronomical Data Enhancement}",
  journal = {ArXiv e-prints},
archivePrefix = "arXiv",
   eprint = {0809.0208},
 keywords = {Astrophysics},
     year = 2008,
    month = sep,
   adsurl = {http://cdsads.u-strasbg.fr/abs/2008arXiv0809.0208Y},
  adsnote = {Provided by the SAO/NASA Astrophysics Data System}
}

@ARTICLE{CS84,
   author = {{Schwab}, F.~R.},
    title = "{Relaxing the isoplanatism assumption in self-calibration; applications to low-frequency radio interferometry}",
  journal = {\aj},
 keywords = {CALIBRATING, LOW FREQUENCIES, RADIO ASTRONOMY, RADIO INTERFEROMETERS, CORRELATION, INTERPOLATION, PENALTY FUNCTION},
     year = 1984,
    month = jul,
   volume = 89,
    pages = {1076-1081},
      doi = {10.1086/113605},
   adsurl = {http://cdsads.u-strasbg.fr/abs/1984AJ.....89.1076S},
  adsnote = {Provided by the SAO/NASA Astrophysics Data System}
}

@ARTICLE{Noordam10,
   author = {{Noordam}, J.~E. and {Smirnov}, O.~M.},
    title = "{The MeqTrees software system and its use for third-generation calibration of radio interferometers}",
  journal = {A\&A},
archivePrefix = "arXiv",
   eprint = {1101.1745},
 primaryClass = "astro-ph.IM",
 keywords = {methods: numerical, methods: data analysis, techniques: interferometric, techniques: polarimetric},
     year = 2010,
    month = dec,
   volume = 524,
    pages = {A61+},
      doi = {10.1051/0004-6361/201015013},
   adsurl = {http://cdsads.u-strasbg.fr/abs/2010A%26A...524A..61N},
  adsnote = {Provided by the SAO/NASA Astrophysics Data System}
}

@ARTICLE{deVos09,
   author = {{de Vos}, M. and {Gunst}, A.~W. and {Nijboer}, R.},
    title = "{The LOFAR Telescope: System Architecture and Signal Processing}",
  journal = {IEEE Proceedings},
     year = 2009,
    month = aug,
   volume = 97,
    pages = {1431-1437},
      doi = {10.1109/JPROC.2009.2020509},
   adsurl = {http://cdsads.u-strasbg.fr/abs/2009IEEEP..97.1431D},
  adsnote = {Provided by the SAO/NASA Astrophysics Data System}
}

@ARTICLE{JG11,
   author = { {Girard}, J. and {Zarka}, P. and {Tagger}, M. and {Denis}, L. and {Charrier}, D. and {Konovalenko}, A.},
    title = "{Antenna design and distribution for a LOFAR Super Station in Nancay}",
  journal = {this volume, C.R. Physique 13 (2012) },
archivePrefix = "",
   eprint = {},
 primaryClass = "",
 keywords = {Astrophysics - Instrumentation and Methods for Astrophysics},
     year = 2011,
    month = jul,
   adsurl = {http://cdsads.u-strasbg.fr/abs/2010arXiv1007.2089O},
  adsnote = {Provided by the SAO/NASA Astrophysics Data System}
}

@ARTICLE{JM11,
   author = { {Grie{\ss}meier}, J.M. and {Tagger}, M. and {Zarka}, P.},
    title = "{Radioastronomy with LOFAR}",
  journal = {this volume, C.R. Physique 13 (2012) },
archivePrefix = "",
   eprint = {},
 primaryClass = "",
 keywords = {Astrophysics - Instrumentation and Methods for Astrophysics},
     year = 2011,
    month = jul,
   adsurl = {http://cdsads.u-strasbg.fr/abs/2010arXiv1007.2089O},
  adsnote = {Provided by the SAO/NASA Astrophysics Data System}
}


@ARTICLE{Offringa10,
   author = {{Offringa}, A.~R. and {de Bruyn}, A.~G. and {Zaroubi}, S. and
	{Biehl}, M.},
    title = "{A LOFAR RFI detection pipeline and its first results}",
  journal = {ArXiv e-prints},
archivePrefix = "arXiv",
   eprint = {1007.2089},
 primaryClass = "astro-ph.IM",
 keywords = {Astrophysics - Instrumentation and Methods for Astrophysics},
     year = 2010,
    month = jul,
   adsurl = {http://cdsads.u-strasbg.fr/abs/2010arXiv1007.2089O},
  adsnote = {Provided by the SAO/NASA Astrophysics Data System}
}



@INPROCEEDINGS{Heald10,
   author = {{Heald}, G. and {McKean}, J. and {Pizzo}, R. and {van Diepen}, G. and
	{van Zwieten}, J.~E. and {van Weeren}, R.~J. and {Rafferty}, D. and
	{van der Tol}, S. and {Birzan}, L. and {Shulevski}, A. and {Swinbank}, J.~D. and
	{Orru}, E.~O. and {de Gasperin}, F. and {Ker}, L. and {Bonafede}, A. and
	{Macario}, G. and {Ferrari}, C.},
    title = "{Recent LOFAR imaging pipeline results}",
booktitle = {ISKAF2010 Science Meeting},
     year = 2010,
   adsurl = {http://cdsads.u-strasbg.fr/abs/2010iska.meetE..57H},
  adsnote = {Provided by the SAO/NASA Astrophysics Data System}
}

@ARTICLE{Bhatnagar08,
   author = {{Bhatnagar}, S. and {Cornwell}, T.~J. and {Golap}, K. and {Uson}, J.~M.
	},
    title = "{Correcting direction-dependent gains in the deconvolution of radio interferometric images}",
  journal = {A\&A},
archivePrefix = "arXiv",
   eprint = {0805.0834},
 keywords = {methods: data analysis, techniques: interferometic, techniques: image processing, techniques: polarimetric},
     year = 2008,
    month = aug,
   volume = 487,
    pages = {419-429},
      doi = {10.1051/0004-6361:20079284},
   adsurl = {http://cdsads.u-strasbg.fr/abs/2008A%26A...487..419B},
  adsnote = {Provided by the SAO/NASA Astrophysics Data System}
}

@ARTICLE{Cornwell92,
   author = {{Cornwell}, T.~J. and {Perley}, R.~A.},
    title = "{Radio-interferometric imaging of very large fields - The problem of non-coplanar arrays}",
  journal = {A\&A},
 keywords = {IMAGE ANALYSIS, INTERFEROMETRY, RADIO SOURCES (ASTRONOMY), VERY LARGE ARRAY (VLA), APERTURES, FOURIER TRANSFORMATION, IMAGE PROCESSING, IMAGE RECONSTRUCTION, SKY BRIGHTNESS},
     year = 1992,
    month = jul,
   volume = 261,
    pages = {353-364},
   adsurl = {http://cdsads.u-strasbg.fr/abs/1992A%26A...261..353C},
  adsnote = {Provided by the SAO/NASA Astrophysics Data System}
}

@ARTICLE{Cornwell08,
   author = {{Cornwell}, T.~J. and {Golap}, K. and {Bhatnagar}, S.},
    title = "{The Noncoplanar Baselines Effect in Radio Interferometry: The W-Projection Algorithm}",
  journal = {IEEE Journal of Selected Topics in Signal Processing},
     year = 2008,
    month = nov,
   volume = 2,
    pages = {647-657},
      doi = {10.1109/JSTSP.2008.2005290},
   adsurl = {http://cdsads.u-strasbg.fr/abs/2008ISTSP...2..647C},
  adsnote = {Provided by the SAO/NASA Astrophysics Data System}
}

@INPROCEEDINGS{Bhatnagar09,
   author = {{Bhatnagar}, S.},
    title = "{Calibration and Imaging Challenges at Low Radio Frequencies: A Review of the State of the Art}",
booktitle = {The Low-Frequency Radio Universe},
     year = 2009,
   series = {Astronomical Society of the Pacific Conference Series},
   volume = 407,
archivePrefix = "arXiv",
   eprint = {0906.0537},
 primaryClass = "astro-ph.IM",
   editor = "{D.~J.~Saikia, D.~A.~Green, Y.~Gupta, \& T.~Venturi}",
    month = sep,
    pages = {375-+},
   adsurl = {http://cdsads.u-strasbg.fr/abs/2009ASPC..407..375B},
  adsnote = {Provided by the SAO/NASA Astrophysics Data System}
}

@ARTICLE{Tol09,
   author = {{van der Tol}, S.
	},
    title = "{Bayesian estimation for ionospheric calibration in radio astronomy}",
  journal = {PhD thesis, TU Delft},
archivePrefix = "arXiv",
   eprint = {0904.3975},
 primaryClass = "astro-ph.IM",
 keywords = {atmospheric effects, methods: numerical, techniques: interferometric},
     year = 2009,
    month = jul,
    pages = {1185-1205},
      doi = {10.1051/0004-6361/200811094},
   adsurl = {http://cdsads.u-strasbg.fr/abs/2009A%26A...501.1185I},
  adsnote = {Provided by the SAO/NASA Astrophysics Data System}
}

@ARTICLE{Intema09,
   author = {{Intema}, H.~T. and {van der Tol}, S. and {Cotton}, W.~D. and
	{Cohen}, A.~S. and {van Bemmel}, I.~M. and {R{\"o}ttgering}, H.~J.~A.
	},
    title = "{Ionospheric calibration of low frequency radio interferometric observations using the peeling scheme. I. Method description and first results}",
  journal = {A\&A},
archivePrefix = "arXiv",
   eprint = {0904.3975},
 primaryClass = "astro-ph.IM",
 keywords = {atmospheric effects, methods: numerical, techniques: interferometric},
     year = 2009,
    month = jul,
   volume = 501,
    pages = {1185-1205},
      doi = {10.1051/0004-6361/200811094},
   adsurl = {http://cdsads.u-strasbg.fr/abs/2009A%26A...501.1185I},
  adsnote = {Provided by the SAO/NASA Astrophysics Data System}
}

@ARTICLE{Simpson06,
   author = {{Simpson}, C. and {Almaini}, O. and {Cirasuolo}, M. and {Dunlop}, J. and
	{Foucaud}, S. and {Hirst}, P. and {Ivison}, R. and {Page}, M. and
	{Rawlings}, S. and {Sekiguchi}, K. and {Smail}, I. and {Watson}, M.
	},
    title = "{Extremely red objects in the UKIDSS Ultra Deep Survey Early Data Release}",
  journal = {MNRAS},
   eprint = {arXiv:astro-ph/0608428},
 keywords = {surveys, galaxies: evolution, galaxies: starbust, infrared: galaxies},
     year = 2006,
    month = nov,
   volume = 373,
    pages = {L21-L25},
      doi = {10.1111/j.1745-3933.2006.00235.x},
   adsurl = {http://adsabs.harvard.edu/abs/2006MNRAS.373L..21S},
  adsnote = {Provided by the SAO/NASA Astrophysics Data System}
}


@ARTICLE{Morganti05,
   author = {{Morganti}, R. and {Tadhunter}, C.~N. and {Oosterloo}, T.~A.
	},
    title = "{Fast neutral outflows in powerful radio galaxies: a major source of feedback in massive galaxies}",
  journal = {A\&A},
   eprint = {arXiv:astro-ph/0510263},
 keywords = {galaxies: active, galaxies: ISM},
     year = 2005,
    month = dec,
   volume = 444,
    pages = {L9-L13},
      doi = {10.1051/0004-6361:200500197},
   adsurl = {http://adsabs.harvard.edu/abs/2005A%26A...444L...9M},
  adsnote = {Provided by the SAO/NASA Astrophysics Data System}
}


@ARTICLE{Haarlem13,
   author = {{van Haarlem}, M.~P. and {Wise}, M.~W. and {Gunst}, A.~W. and
	{Heald}, G. and {McKean}, J.~P. and {Hessels}, J.~W.~T. and
	{de Bruyn}, A.~G. and {Nijboer}, R. and {Swinbank}, J. and {Fallows}, R. and
	{Brentjens}, M. and {Nelles}, A. and {Beck}, R. and {Falcke}, H. and
	{Fender}, R. and {H{\"o}randel}, J. and {Koopmans}, L.~V.~E. and
	{Mann}, G. and {Miley}, G. and {R{\"o}ttgering}, H. and {Stappers}, B.~W. and
	{Wijers}, R.~A.~M.~J. and {Zaroubi}, S. and {White}, S. and {Wijnholds}, S.~J. and
	{Wilhelmsson}, T. and {Wucknitz}, O. and {Yatawatta}, S. and
	{Zarka}, P. and {Zensus}, A. and {van Zwieten}, J.},
    title = "{LOFAR: The LOw-Frequency ARray}",
  journal = {A\&A},
archivePrefix = "arXiv",
   eprint = {1305.3550},
 primaryClass = "astro-ph.IM",
 keywords = {instrumentation: interferometers, radio continuum: general, radio lines: general, dark ages, reionization, first stars, telescopes},
     year = 2013,
    month = aug,
   volume = 556,
      eid = {A2},
    pages = {A2},
      doi = {10.1051/0004-6361/201220873},
   adsurl = {http://cdsads.u-strasbg.fr/abs/2013A%26A...556A...2V},
  adsnote = {Provided by the SAO/NASA Astrophysics Data System}
}


@ARTICLE{Hamaker96,
   author = {{Hamaker}, J.~P. and {Bregman}, J.~D. and {Sault}, R.~J.},
    title = "{Understanding radio polarimetry. I. Mathematical foundations.}",
  journal = {A\&As},
 keywords = {METHODS: ANALYTICAL, METHODS: DATA ANALYSIS, TECHNIQUES: INTERFEROMETERS, TECHNIQUES: POLARIMETERS},
     year = 1996,
    month = may,
   volume = 117,
    pages = {137-147},
   adsurl = {http://adsabs.harvard.edu/abs/1996A%26AS..117..137H},
  adsnote = {Provided by the SAO/NASA Astrophysics Data System}
}

@ARTICLE{Stalin10,
   author = {{Stalin}, C.~S. and {Petitjean}, P. and {Srianand}, R. and {Fox}, A.~J. and
	{Coppolani}, F. and {Schwope}, A.},
    title = "{Optical identification of XMM sources in the Canada-France-Hawaii Telescope Legacy Survey}",
  journal = {MNRAS},
 keywords = {surveys, galaxies: active, quasars: general, X-rays: general},
     year = 2010,
    month = jan,
   volume = 401,
    pages = {294-306},
      doi = {10.1111/j.1365-2966.2009.15636.x},
   adsurl = {http://cdsads.u-strasbg.fr/abs/2010MNRAS.401..294S},
  adsnote = {Provided by the SAO/NASA Astrophysics Data System}
}

@ARTICLE{Risaliti99,
   author = {{Risaliti}, G. and {Maiolino}, R. and {Salvati}, M.},
    title = "{The Distribution of Absorbing Column Densities among Seyfert 2 Galaxies}",
  journal = {\apj},
   eprint = {arXiv:astro-ph/9902377},
 keywords = {GALAXIES: ACTIVE, GALAXIES: NUCLEI, GALAXIES: SEYFERT, X-RAYS: GALAXIES},
     year = 1999,
    month = sep,
   volume = 522,
    pages = {157-164},
      doi = {10.1086/307623},
   adsurl = {http://cdsads.u-strasbg.fr/abs/1999ApJ...522..157R},
  adsnote = {Provided by the SAO/NASA Astrophysics Data System}
}

@ARTICLE{Cappi06,
   author = {{Cappi}, M. and {Panessa}, F. and {Bassani}, L. and {Dadina}, M. and
	{Di Cocco}, G. and {Comastri}, A. and {della Ceca}, R. and {Filippenko}, A.~V. and
	{Gianotti}, F. and {Ho}, L.~C. and {Malaguti}, G. and {Mulchaey}, J.~S. and
	{Palumbo}, G.~G.~C. and {Piconcelli}, E. and {Sargent}, W.~L.~W. and
	{Stephen}, J. and {Trifoglio}, M. and {Weaver}, K.~A.},
    title = "{X-ray spectral survey with XMM-Newton of a complete sample of nearby Seyfert galaxies}",
  journal = {A\&A},
   eprint = {arXiv:astro-ph/0509584},
 keywords = {X-rays: galaxies, galaxies: Seyfert, glaxies: active},
     year = 2006,
    month = feb,
   volume = 446,
    pages = {459-470},
      doi = {10.1051/0004-6361:20053893},
   adsurl = {http://cdsads.u-strasbg.fr/abs/2006A%26A...446..459C},
  adsnote = {Provided by the SAO/NASA Astrophysics Data System}
}

@@ARTICLE{Gandhi06,
   author = {{Gandhi}, P. and {Garcet}, O. and {Disseau}, L. and {Pacaud}, F. and
	{Pierre}, M. and {Gueguen}, A. and {Alloin}, D. and {Chiappetti}, L. and
	{Gosset}, E. and {Maccagni}, D. and {Surdej}, J. and {Valtchanov}, I.
	},
    title = "{The XMM large scale structure survey: properties and two-point angular correlations of point-like sources}",
  journal = {A\&A},
   eprint = {arXiv:astro-ph/0607135},
 keywords = {X-rays: diffuse background, large-scale structure of Universe, galaxies: Seyfert},
     year = 2006,
    month = oct,
   volume = 457,
    pages = {393-404},
      doi = {10.1051/0004-6361:20065284},
   adsurl = {http://adsabs.harvard.edu/abs/2006A%26A...457..393G},
  adsnote = {Provided by the SAO/NASA Astrophysics Data System}
}

@ARTICLE{Heckman06,
   author = {{Heckman}, T.~M. and {Kauffmann}, G.},
    title = "{The host galaxies of AGN in the Sloan Digital Sky Survey}",
  journal = {New Astronomy Review},
     year = 2006,
    month = nov,
   volume = 50,
    pages = {677-684},
      doi = {10.1016/j.newar.2006.06.022},
   adsurl = {http://adsabs.harvard.edu/abs/2006NewAR..50..677H},
  adsnote = {Provided by the Smithsonian/NASA Astrophysics Data System}
}

@ARTICLE{Cole00,
   author = {{Cole}, S. and {Lacey}, C.~G. and {Baugh}, C.~M. and {Frenk}, C.~S.
	},
    title = "{Hierarchical galaxy formation}",
  journal = {MNRAS},
   eprint = {arXiv:astro-ph/0007281},
     year = 2000,
    month = nov,
   volume = 319,
    pages = {168-204},
   adsurl = {http://adsabs.harvard.edu/abs/2000MNRAS.319..168C},
  adsnote = {Provided by the Smithsonian/NASA Astrophysics Data System}
}

@ARTICLE{Kauffmann99,
   author = {{Kauffmann}, G. and {Colberg}, J.~M. and {Diaferio}, A. and
	{White}, S.~D.~M.},
    title = "{Clustering of galaxies in a hierarchical universe - II. Evolution to high redshift}",
  journal = {MNRAS},
   eprint = {arXiv:astro-ph/9809168},
     year = 1999,
    month = aug,
   volume = 307,
    pages = {529-536},
   adsurl = {http://adsabs.harvard.edu/abs/1999MNRAS.307..529K},
  adsnote = {Provided by the Smithsonian/NASA Astrophysics Data System}
}

@ARTICLE{Boyle98,
   author = {{Boyle}, B.~J. and {Terlevich}, R.~J.},
    title = "{The cosmological evolution of the QSO luminosity density and of the star formation rate}",
  journal = {MNRAS},
   eprint = {arXiv:astro-ph/9710134},
     year = 1998,
    month = jan,
   volume = 293,
    pages = {L49-L51},
   adsurl = {http://adsabs.harvard.edu/abs/1998MNRAS.293L..49B},
  adsnote = {Provided by the Smithsonian/NASA Astrophysics Data System}
}

@INPROCEEDINGS{Dickinson98,
   author = {{Dickinson}, M.},
    title = "{Color-Selected High Redshift Galaxies and the HDF}",
booktitle = {The Hubble Deep Field},
     year = 1998,
   editor = {{Livio}, M. and {Fall}, S.~M. and {Madau}, P.},
    pages = {219-+},
   adsurl = {http://adsabs.harvard.edu/abs/1998hdf..symp..219D},
  adsnote = {Provided by the Smithsonian/NASA Astrophysics Data System}
}

@ARTICLE{Amendola06,
   author = {{Amendola}, L. and {Gasperini}, M. and {Piazza}, F.},
    title = "{Supernova Legacy Survey data are consistent with acceleration at z{\ap}3}",
  journal = {\prd},
   eprint = {arXiv:astro-ph/0610574},
     year = 2006,
    month = dec,
   volume = 74,
   number = 12,
    pages = {127302-+},
      doi = {10.1103/PhysRevD.74.127302},
   adsurl = {http://adsabs.harvard.edu/abs/2006PhRvD..74l7302A},
  adsnote = {Provided by the Smithsonian/NASA Astrophysics Data System}
}

@ARTICLE{Kilbinger03,
   author = {{Kilbinger}, M.},
    title = "{Cosmological Parameters from Cosmic Shear}",
  journal = {ArXiv Astrophysics e-prints},
   eprint = {astro-ph/0309482},
     year = 2003,
    month = sep,
   adsurl = {http://adsabs.harvard.edu/abs/2003astro.ph..9482K},
  adsnote = {Provided by the Smithsonian/NASA Astrophysics Data System}
}

@INPROCEEDINGS{Veilleux03,
   author = {{Veilleux}, S.},
    title = "{The AGN Paradigm: Radio-Quiet Objects}",
booktitle = {Active Galactic Nuclei: From Central Engine to Host Galaxy},
     year = 2003,
   series = {Astronomical Society of the Pacific Conference Series},
   volume = 290,
   editor = {{Collin}, S. and {Combes}, F. and {Shlosman}, I.},
    pages = {11-+},
   adsurl = {http://adsabs.harvard.edu/abs/2003ASPC..290...11V},
  adsnote = {Provided by the Smithsonian/NASA Astrophysics Data System}
}

@ARTICLE{Taniguchi99,
   author = {{Taniguchi}, Y.},
    title = "{The Minor-Merger-driven Nuclear Activity in Seyfert Galaxies: A Step toward the Simple Unified Formation Mechanism of Active Galactic Nuclei in the Local Universe}",
  journal = {\apj},
   eprint = {arXiv:astro-ph/9905353},
     year = 1999,
    month = oct,
   volume = 524,
    pages = {65-70},
      doi = {10.1086/307814},
   adsurl = {http://adsabs.harvard.edu/abs/1999ApJ...524...65T},
  adsnote = {Provided by the Smithsonian/NASA Astrophysics Data System}
}

@ARTICLE{Kauffmann04,
   author = {{Kauffmann}, G. and {White}, S.~D.~M. and {Heckman}, T.~M. and
	{M{\'e}nard}, B. and {Brinchmann}, J. and {Charlot}, S. and
	{Tremonti}, C. and {Brinkmann}, J.},
    title = "{The environmental dependence of the relations between stellar mass, structure, star formation and nuclear activity in galaxies}",
  journal = {MNRAS},
   eprint = {arXiv:astro-ph/0402030},
     year = 2004,
    month = sep,
   volume = 353,
    pages = {713-731},
      doi = {10.1111/j.1365-2966.2004.08117.x},
   adsurl = {http://adsabs.harvard.edu/abs/2004MNRAS.353..713K},
  adsnote = {Provided by the Smithsonian/NASA Astrophysics Data System}
}

@ARTICLE{Hardcastle99,
   author = {{Hardcastle}, M.~J. and {Worrall}, D.~M.},
    title = "{ROSAT X-ray observations of 3CRR radio sources}",
  journal = {MNRAS},
   eprint = {arXiv:astro-ph/9907034},
     year = 1999,
    month = nov,
   volume = 309,
    pages = {969-990},
   adsurl = {http://cdsads.u-strasbg.fr/abs/1999MNRAS.309..969H},
  adsnote = {Provided by the Smithsonian/NASA Astrophysics Data System}
}

@ARTICLE{Hardcastle06,
   author = {{Hardcastle}, M.~J. and {Evans}, D.~A. and {Croston}, J.~H.},
    title = "{The X-ray nuclei of intermediate-redshift radio sources}",
  journal = {MNRAS},
   eprint = {arXiv:astro-ph/0603090},
     year = 2006,
    month = aug,
   volume = 370,
    pages = {1893-1904},
      doi = {10.1111/j.1365-2966.2006.10615.x},
   adsurl = {http://adsabs.harvard.edu/abs/2006MNRAS.370.1893H},
  adsnote = {Provided by the Smithsonian/NASA Astrophysics Data System}
}

@INPROCEEDINGS{Seymour05,
   author = {{Seymour}, N. and {McHardy}, I. and {Gunn}, K. and {Moss}, D.
	},
    title = "{The nature of the faint sub-mJy radio population}",
booktitle = {ESA Special Publication},
     year = 2005,
   series = {ESA Special Publication},
   volume = 577,
   editor = {{Wilson}, A.},
    month = jan,
    pages = {323-324},
   adsurl = {http://adsabs.harvard.edu/abs/2005ESASP.577..323S},
  adsnote = {Provided by the Smithsonian/NASA Astrophysics Data System}
}

@ARTICLE{Colless01,
   author = {{Colless}, M. and {Dalton}, G. and {Maddox}, S. and {Sutherland}, W. and
	{Norberg}, P. and {Cole}, S. and {Bland-Hawthorn}, J. and {Bridges}, T. and
	{Cannon}, R. and {Collins}, C. and {Couch}, W. and {Cross}, N. and
	{Deeley}, K. and {De Propris}, R. and {Driver}, S.~P. and {Efstathiou}, G. and
	{Ellis}, R.~S. and {Frenk}, C.~S. and {Glazebrook}, K. and {Jackson}, C. and
	{Lahav}, O. and {Lewis}, I. and {Lumsden}, S. and {Madgwick}, D. and
	{Peacock}, J.~A. and {Peterson}, B.~A. and {Price}, I. and {Seaborne}, M. and
	{Taylor}, K.},
    title = "{The 2dF Galaxy Redshift Survey: spectra and redshifts}",
  journal = {MNRAS},
   eprint = {arXiv:astro-ph/0106498},
     year = 2001,
    month = dec,
   volume = 328,
    pages = {1039-1063},
      doi = {10.1046/j.1365-8711.2001.04902.x},
   adsurl = {http://adsabs.harvard.edu/abs/2001MNRAS.328.1039C},
  adsnote = {Provided by the Smithsonian/NASA Astrophysics Data System}
}

@ARTICLE{Popesso05,
   author = {{Popesso}, P. and {Biviano}, A. and {B{\"o}hringer}, H. and
	{Romaniello}, M. and {Voges}, W.},
    title = "{RASS-SDSS galaxy cluster survey. III. Scaling relations of galaxy clusters}",
  journal = {A\&A},
   eprint = {arXiv:astro-ph/0411536},
     year = 2005,
    month = apr,
   volume = 433,
    pages = {431-445},
      doi = {10.1051/0004-6361:20041915},
   adsurl = {http://adsabs.harvard.edu/abs/2005A%26A...433..431P},
  adsnote = {Provided by the Smithsonian/NASA Astrophysics Data System}
}

@ARTICLE{Fontana04,
   author = {{Fontana}, A. and {Pozzetti}, L. and {Donnarumma}, I. and {Renzini}, A. and
	{Cimatti}, A. and {Zamorani}, G. and {Menci}, N. and {Daddi}, E. and
	{Giallongo}, E. and {Mignoli}, M. and {Perna}, C. and {Salimbeni}, S. and
	{Saracco}, P. and {Broadhurst}, T. and {Cristiani}, S. and {D'Odorico}, S. and
	{Gilmozzi}, R.},
    title = "{The K20 survey. VI. The distribution of the stellar masses in galaxies up to z {\sime} 2}",
  journal = {A\&A},
   eprint = {arXiv:astro-ph/0405055},
     year = 2004,
    month = sep,
   volume = 424,
    pages = {23-42},
      doi = {10.1051/0004-6361:20035626},
   adsurl = {http://adsabs.harvard.edu/abs/2004A%26A...424...23F},
  adsnote = {Provided by the Smithsonian/NASA Astrophysics Data System}
}

@ARTICLE{Evans06,
   author = {{Evans}, D.~A. and {Worrall}, D.~M. and {Hardcastle}, M.~J. and
	{Kraft}, R.~P. and {Birkinshaw}, M.},
    title = "{Chandra and XMM-Newton Observations of a Sample of Low-Redshift FR I and FR II Radio Galaxy Nuclei}",
  journal = {\apj},
   eprint = {arXiv:astro-ph/0512600},
     year = 2006,
    month = may,
   volume = 642,
    pages = {96-112},
      doi = {10.1086/500658},
   adsurl = {http://adsabs.harvard.edu/abs/2006ApJ...642...96E},
  adsnote = {Provided by the Smithsonian/NASA Astrophysics Data System}
}

@ARTICLE{Hardcastle06,
   author = {{Hardcastle}, M.~J. and {Evans}, D.~A. and {Croston}, J.~H.},
    title = "{The X-ray nuclei of intermediate-redshift radio sources}",
  journal = {MNRAS},
   eprint = {arXiv:astro-ph/0603090},
     year = 2006,
    month = aug,
   volume = 370,
    pages = {1893-1904},
      doi = {10.1111/j.1365-2966.2006.10615.x},
   adsurl = {http://adsabs.harvard.edu/abs/2006MNRAS.370.1893H},
  adsnote = {Provided by the Smithsonian/NASA Astrophysics Data System}
}

@ARTICLE{Tasse07,
   author = {{Tasse}, C. and {R\"ottgering}, H. J. A. and {Best}, P. N. and {Cohen}, A. S. and {Pierre}, M. and {Wilman}, R.},
    title = "{GMRT observations of the XMM Large Scale Structure Survey field}",
  journal = {A\&A},
   eprint = {},
     year = 2007,
    pages = {},
      doi = {},
   adsurl = {},
  adsnote = {}
}

@ARTICLE{Tasse08a,
   author = {{Tasse}, C. and {Le Borgne}, D. and {R{\"o}ttgering}, H. and
	{Best}, P.~N. and {Pierre}, M. and {Rocca-Volmerange}, B.},
    title = "{Radio-loud AGN in the XMM-LSS field. I. Optical identification and sample selection}",
  journal = {A\&A},
 keywords = {methods: observational, techniques: photometric, galaxies: active, galaxies: fundamental parameters, cosmology: observations, radio continuum: galaxies},
     year = 2008,
    month = oct,
   volume = 490,
    pages = {879-891},
      doi = {10.1051/0004-6361:20078453},
   adsurl = {http://cdsads.u-strasbg.fr/abs/2008A%26A...490..879T},
  adsnote = {Provided by the SAO/NASA Astrophysics Data System}
}

@ARTICLE{Tasse08b,
   author = {{Tasse}, C. and {Best}, P.~N. and {R{\"o}ttgering}, H. and {Le Borgne}, D.
	},
    title = "{Radio-loud AGN in the XMM-LSS field. II. A dichotomy in environment and accretion mode?}",
  journal = {A\&A},
 keywords = {surveys, galaxies: active, galaxies: fundamental parameters, radio continuum: galaxies, infrared: galaxies, cosmology: large-scale structure of Universe},
     year = 2008,
    month = nov,
   volume = 490,
    pages = {893-904},
      doi = {10.1051/0004-6361:20079299},
   adsurl = {http://cdsads.u-strasbg.fr/abs/2008A%26A...490..893T},
  adsnote = {Provided by the SAO/NASA Astrophysics Data System}
}


@ARTICLE{Tasse11,
   author = {{Tasse}, C. and {R{\"o}ttgering}, H. and {Best}, P.~N.},
    title = "{The dependence of X-ray AGN activity on host galaxy properties and environment}",
  journal = {A\&A},
 keywords = {galaxies: active, galaxies: fundamental parameters, quasars: emission lines, X-rays: galaxies, large-scale structure of Universe},
     year = 2010,
    month = dec,
   volume = 525,
    pages = {A127+},
      doi = {10.1051/0004-6361/200811129},
   adsurl = {http://adsabs.harvard.edu/abs/2011A%26A...525A.127T},
  adsnote = {Provided by the SAO/NASA Astrophysics Data System}
}


@ARTICLE{Pacaud07,
   author = {{Pacaud}, F. and {Pierre}, M. and {Adami}, C. and {Andreon}, S. and {Detal}, A. and {Galaz}, G. and {Le Fevre}, J.-P. and {Libbrecht}, C. and {Ponman}, T. J. and {Refregier}, A. and {Sprimont}, P.-G. and {Valtchanov}, I. and {Alloin}, D. and {Bremer}, M. N. and {Jean}, C. and {Le Fevre}, O. and {Mazure}, A. and {R\"ottgering}, H. J. A. and {Trinchieri}, G.},
    title = "{The XMM-LSS survey: the Class 1 cluster sample over the intial $5$ deg$^2$ and its cosmological modelling}",
  journal = {MNRAS},
   eprint = {},
     year = 2007,
    pages = {},
      doi = {},
   adsurl = {},
  adsnote = {}
}


@ARTICLE{Heckman04,
   author = {{Heckman}, T.~M. and {Kauffmann}, G. and {Brinchmann}, J. and
	{Charlot}, S. and {Tremonti}, C. and {White}, S.~D.~M.},
    title = "{Present-Day Growth of Black Holes and Bulges: The Sloan Digital Sky Survey Perspective}",
  journal = {\apj},
   eprint = {arXiv:astro-ph/0406218},
     year = 2004,
    month = sep,
   volume = 613,
    pages = {109-118},
      doi = {10.1086/422872},
   adsurl = {http://adsabs.harvard.edu/abs/2004ApJ...613..109H},
  adsnote = {Provided by the Smithsonian/NASA Astrophysics Data System}
}

@ARTICLE{Jackson97,
   author = {{Jackson}, N. and {Rawlings}, S.},
    title = "{[O III] 500.7 spectroscopy of 3C galaxies and quasars at redshift z{\gt}1}",
  journal = {MNRAS},
     year = 1997,
    month = mar,
   volume = 286,
    pages = {241-256},
   adsurl = {http://adsabs.harvard.edu/abs/1997MNRAS.286..241J},
  adsnote = {Provided by the Smithsonian/NASA Astrophysics Data System}
}

@INPROCEEDINGS{Laing94,
   author = {{Laing}, R.~A. and {Jenkins}, C.~R. and {Wall}, J.~V. and {Unger}, S.~W.
	},
    title = "{Spectrophotometry of a Complete Sample of 3CR Radio Sources: Implications for Unified Models}",
booktitle = {The Physics of Active Galaxies},
     year = 1994,
   series = {Astronomical Society of the Pacific Conference Series},
   volume = 54,
   editor = {{Bicknell}, G.~V. and {Dopita}, M.~A. and {Quinn}, P.~J.},
    pages = {201-+},
   adsurl = {http://adsabs.harvard.edu/abs/1994ASPC...54..201L},
  adsnote = {Provided by the Smithsonian/NASA Astrophysics Data System}
}

@ARTICLE{Hine79,
   author = {{Hine}, R.~G. and {Longair}, M.~S.},
    title = "{Optical spectra of 3CR radio galaxies}",
  journal = {MNRAS},
     year = 1979,
    month = jul,
   volume = 188,
    pages = {111-130},
   adsurl = {http://adsabs.harvard.edu/abs/1979MNRAS.188..111H},
  adsnote = {Provided by the Smithsonian/NASA Astrophysics Data System}
}

@ARTICLE{Ogle06,
   author = {{Ogle}, P. and {Whysong}, D. and {Antonucci}, R.},
    title = "{Spitzer Reveals Hidden Quasar Nuclei in Some Powerful FR II Radio Galaxies}",
  journal = {\apj},
   eprint = {arXiv:astro-ph/0601485},
     year = 2006,
    month = aug,
   volume = 647,
    pages = {161-171},
      doi = {10.1086/505337},
   adsurl = {http://adsabs.harvard.edu/abs/2006ApJ...647..161O},
  adsnote = {Provided by the Smithsonian/NASA Astrophysics Data System}
}

@ARTICLE{Whysong04,
   author = {{Whysong}, D. and {Antonucci}, R.},
    title = "{Thermal Emission as a Test for Hidden Nuclei in Nearby Radio Galaxies}",
  journal = {\apj},
   eprint = {arXiv:astro-ph/0207385},
     year = 2004,
    month = feb,
   volume = 602,
    pages = {116-122},
      doi = {10.1086/380828},
   adsurl = {http://adsabs.harvard.edu/abs/2004ApJ...602..116W},
  adsnote = {Provided by the Smithsonian/NASA Astrophysics Data System}
}

@ARTICLE{Hardcastle07,
   author = {{Hardcastle}, M.~J. and {Evans}, D.~A. and {Croston}, J.~H.},
    title = "{Hot and cold gas accretion and feedback in radio-loud active galaxies}",
  journal = {MNRAS},
     year = 2007,
    month = apr,
   volume = 376,
    pages = {1849-1856},
      doi = {10.1111/j.1365-2966.2007.11572.x},
   adsurl = {http://adsabs.harvard.edu/abs/2007MNRAS.376.1849H},
  adsnote = {Provided by the Smithsonian/NASA Astrophysics Data System}
}

@ARTICLE{Liu02,
   author = {{Liu}, B.~F. and {Mineshige}, S. and {Meyer}, F. and {Meyer-Hofmeister}, E. and
	{Kawaguchi}, T.},
    title = "{Two-Temperature Coronal Flow above a Thin Disk}",
  journal = {\apj},
   eprint = {arXiv:astro-ph/0204174},
     year = 2002,
    month = aug,
   volume = 575,
    pages = {117-126},
      doi = {10.1086/341138},
   adsurl = {http://adsabs.harvard.edu/abs/2002ApJ...575..117L},
  adsnote = {Provided by the Smithsonian/NASA Astrophysics Data System}
}

@ARTICLE{Heckman06,
   author = {{Heckman}, T.~M. and {Kauffmann}, G.},
    title = "{The host galaxies of AGN in the Sloan Digital Sky Survey}",
  journal = {New Astronomy Review},
     year = 2006,
    month = nov,
   volume = 50,
    pages = {677-684},
      doi = {10.1016/j.newar.2006.06.022},
   adsurl = {http://adsabs.harvard.edu/abs/2006NewAR..50..677H},
  adsnote = {Provided by the Smithsonian/NASA Astrophysics Data System}
}

@INPROCEEDINGS{Comastri04,
   author = {{Comastri}, A.},
    title = "{Compton-Thick AGN: The Dark Side of the X-Ray Background}",
booktitle = {Supermassive Black Holes in the Distant Universe},
     year = 2004,
   series = {Astrophysics and Space Science Library},
   volume = 308,
   editor = {{Barger}, A.~J.},
    month = aug,
    pages = {245-+},
   adsurl = {http://adsabs.harvard.edu/abs/2004ASSL..308..245C},
  adsnote = {Provided by the Smithsonian/NASA Astrophysics Data System}
}

@ARTICLE{Levenson02,
   author = {{Levenson}, N.~A. and {Krolik}, J.~H. and {{\.Z}ycki}, P.~T. and
	{Heckman}, T.~M. and {Weaver}, K.~A. and {Awaki}, H. and {Terashima}, Y.
	},
    title = "{Extreme X-Ray Iron Lines in Active Galactic Nuclei}",
  journal = {\apjl},
   eprint = {arXiv:astro-ph/0206071},
     year = 2002,
    month = jul,
   volume = 573,
    pages = {L81-L84},
      doi = {10.1086/342092},
   adsurl = {http://adsabs.harvard.edu/abs/2002ApJ...573L..81L},
  adsnote = {Provided by the Smithsonian/NASA Astrophysics Data System}
}

@ARTICLE{Heckman05,
   author = {{Heckman}, T.~M. and {Ptak}, A. and {Hornschemeier}, A. and
	{Kauffmann}, G.},
    title = "{The Relationship of Hard X-Ray and Optical Line Emission in Low-Redshift Active Galactic Nuclei}",
  journal = {\apj},
   eprint = {arXiv:astro-ph/0507674},
     year = 2005,
    month = nov,
   volume = 634,
    pages = {161-168},
      doi = {10.1086/491665},
   adsurl = {http://adsabs.harvard.edu/abs/2005ApJ...634..161H},
  adsnote = {Provided by the Smithsonian/NASA Astrophysics Data System}
}

@ARTICLE{Steffen03,
   author = {{Steffen}, A.~T. and {Barger}, A.~J. and {Cowie}, L.~L. and
	{Mushotzky}, R.~F. and {Yang}, Y.},
    title = "{The Changing Active Galactic Nucleus Population}",
  journal = {\apjl},
   eprint = {arXiv:astro-ph/0308238},
     year = 2003,
    month = oct,
   volume = 596,
    pages = {L23-L26},
      doi = {10.1086/379142},
   adsurl = {http://adsabs.harvard.edu/abs/2003ApJ...596L..23S},
  adsnote = {Provided by the Smithsonian/NASA Astrophysics Data System}
}

@ARTICLE{Cowie02,
   author = {{Cowie}, L.~L. and {Garmire}, G.~P. and {Bautz}, M.~W. and {Barger}, A.~J. and
	{Brandt}, W.~N. and {Hornschemeier}, A.~E.},
    title = "{The 2-8 keV X-Ray Number Counts Determined from Chandra Blank Field Observations}",
  journal = {\apjl},
   eprint = {arXiv:astro-ph/0201186},
     year = 2002,
    month = feb,
   volume = 566,
    pages = {L5-L8},
      doi = {10.1086/339545},
   adsurl = {http://adsabs.harvard.edu/abs/2002ApJ...566L...5C},
  adsnote = {Provided by the Smithsonian/NASA Astrophysics Data System}
}

@ARTICLE{Steffen03,
   author = {{Steffen}, A.~T. and {Barger}, A.~J. and {Cowie}, L.~L. and
	{Mushotzky}, R.~F. and {Yang}, Y.},
    title = "{The Changing Active Galactic Nucleus Population}",
  journal = {\apjl},
   eprint = {arXiv:astro-ph/0308238},
     year = 2003,
    month = oct,
   volume = 596,
    pages = {L23-L26},
      doi = {10.1086/379142},
   adsurl = {http://adsabs.harvard.edu/abs/2003ApJ...596L..23S},
  adsnote = {Provided by the Smithsonian/NASA Astrophysics Data System}
}

@ARTICLE{Sazonov04,
   author = {{Sazonov}, S.~Y. and {Revnivtsev}, M.~G.},
    title = "{Statistical properties of local active galactic nuclei inferred  from the RXTE 3-20 keV all-sky survey}",
  journal = {A\&A},
   eprint = {arXiv:astro-ph/0402415},
     year = 2004,
    month = aug,
   volume = 423,
    pages = {469-480},
      doi = {10.1051/0004-6361:20047150},
   adsurl = {http://adsabs.harvard.edu/abs/2004A%26A...423..469S},
  adsnote = {Provided by the Smithsonian/NASA Astrophysics Data System}
}

@ARTICLE{Reynolds97,
   author = {{Reynolds}, C.~S.},
    title = "{An X-ray spectral study of 24 type 1 active galactic nuclei}",
  journal = {MNRAS},
   eprint = {arXiv:astro-ph/9610127},
     year = 1997,
    month = apr,
   volume = 286,
    pages = {513-537},
   adsurl = {http://adsabs.harvard.edu/abs/1997MNRAS.286..513R},
  adsnote = {Provided by the Smithsonian/NASA Astrophysics Data System}
}

@ARTICLE{Tajer07,
   author = {{Tajer}, M. and {Polletta}, M. and {Chiappetti}, L. and {Maraschi}, L. and
	{Trinchieri}, G. and {Maccagni}, D. and {Andreon}, S. and {Garcet}, O. and
	{Surdej}, J. and {Pierre}, M. and {Le F{\`e}vre}, O. and {Franceschini}, A. and
	{Lonsdale}, C.~J. and {Surace}, J.~A. and {Shupe}, D.~L. and
	{Fang}, F. and {Rowan-Robinson}, M. and {Smith}, H.~E. and {Tresse}, L.
	},
    title = "{Obscured and unobscured AGN populations in a hard-X-ray selected sample of the XMDS survey}",
  journal = {A\&A},
   eprint = {arXiv:astro-ph/0703263},
     year = 2007,
    month = may,
   volume = 467,
    pages = {73-91},
      doi = {10.1051/0004-6361:20066667},
   adsurl = {http://adsabs.harvard.edu/abs/2007A%26A...467...73T},
  adsnote = {Provided by the Smithsonian/NASA Astrophysics Data System}
}

@ARTICLE{Chiappetti05,
   author = {{Chiappetti}, L. and {Tajer}, M. and {Trinchieri}, G. and {Maccagni}, D. and
	{Maraschi}, L. and {Paioro}, L. and {Pierre}, M. and {Surdej}, J. and
	{Garcet}, O. and {Gosset}, E. and {Le F{\`e}vre}, O. and {Bertin}, E. and
	{McCracken}, H.~J. and {Mellier}, Y. and {Foucaud}, S. and {Radovich}, M. and
	{Ripepi}, V. and {Arnaboldi}, M.},
    title = "{The XMM-LSS survey. The XMDS/VVDS 4{$\sigma$} catalogue}",
  journal = {A\&A},
   eprint = {arXiv:astro-ph/0505117},
     year = 2005,
    month = aug,
   volume = 439,
    pages = {413-425},
      doi = {10.1051/0004-6361:20042583},
   adsurl = {http://adsabs.harvard.edu/abs/2005A%26A...439..413C},
  adsnote = {Provided by the Smithsonian/NASA Astrophysics Data System}
}

@ARTICLE{Dickey90,
   author = {{Dickey}, J.~M. and {Lockman}, F.~J.},
    title = "{H I in the Galaxy}",
  journal = {\araa},
     year = 1990,
   volume = 28,
    pages = {215-261},
      doi = {10.1146/annurev.aa.28.090190.001243},
   adsurl = {http://adsabs.harvard.edu/abs/1990ARA%26A..28..215D},
  adsnote = {Provided by the Smithsonian/NASA Astrophysics Data System}
}

@ARTICLE{Pacaud06,
   author = {{Pacaud}, F. and {Pierre}, M. and {Refregier}, A. and {Gueguen}, A. and
	{Starck}, J.-L. and {Valtchanov}, I. and {Read}, A.~M. and {Altieri}, B. and
	{Chiappetti}, L. and {Gandhi}, P. and {Garcet}, O. and {Gosset}, E. and
	{Ponman}, T.~J. and {Surdej}, J.},
    title = "{The XMM Large-Scale Structure survey: the X-ray pipeline and survey selection function}",
  journal = {MNRAS},
   eprint = {arXiv:astro-ph/0607177},
     year = 2006,
    month = oct,
   volume = 372,
    pages = {578-590},
      doi = {10.1111/j.1365-2966.2006.10881.x},
   adsurl = {http://adsabs.harvard.edu/abs/2006MNRAS.372..578P},
  adsnote = {Provided by the Smithsonian/NASA Astrophysics Data System}
}

@ARTICLE{Pierre06,
   author = {{Pierre}, M. and {Pacaud}, F. and {Duc}, P.-A. and {Willis}, J.~P. and
	{Andreon}, S. and {Valtchanov}, I. and {Altieri}, B. and {Galaz}, G. and
	{Gueguen}, A. and {F{\`e}vre}, J.-P.~L. and {F{\`e}vre}, O.~L. and
	{Ponman}, T. and {Sprimont}, P.-G. and {Surdej}, J. and {Adami}, C. and
	{Alshino}, A. and {Bremer}, M. and {Chiappetti}, L. and {Detal}, A. and
	{Garcet}, O. and {Gosset}, E. and {Jean}, C. and {Maccagni}, D. and
	{Marinoni}, C. and {Mazure}, A. and {Quintana}, H. and {Read}, A.
	},
    title = "{The XMM Large-Scale Structure survey: a well-controlled X-ray cluster sample over the D1 CFHTLS area}",
  journal = {MNRAS},
   eprint = {arXiv:astro-ph/0607170},
     year = 2006,
    month = oct,
   volume = 372,
    pages = {591-608},
      doi = {10.1111/j.1365-2966.2006.10886.x},
   adsurl = {http://adsabs.harvard.edu/abs/2006MNRAS.372..591P},
  adsnote = {Provided by the Smithsonian/NASA Astrophysics Data System}
}

@ARTICLE{Pacaud06,
   author = {{Pacaud}, F. and {Pierre}, M. and {Refregier}, A. and {Gueguen}, A. and
	{Starck}, J.-L. and {Valtchanov}, I. and {Read}, A.~M. and {Altieri}, B. and
	{Chiappetti}, L. and {Gandhi}, P. and {Garcet}, O. and {Gosset}, E. and
	{Ponman}, T.~J. and {Surdej}, J.},
    title = "{The XMM Large-Scale Structure survey: the X-ray pipeline and survey selection function}",
  journal = {MNRAS},
   eprint = {arXiv:astro-ph/0607177},
     year = 2006,
    month = oct,
   volume = 372,
    pages = {578-590},
      doi = {10.1111/j.1365-2966.2006.10881.x},
   adsurl = {http://adsabs.harvard.edu/abs/2006MNRAS.372..578P},
  adsnote = {Provided by the Smithsonian/NASA Astrophysics Data System}
}

@ARTICLE{Arnouts02,
   author = {{Arnouts}, S. and {Moscardini}, L. and {Vanzella}, E. and {Colombi}, S. and
	{Cristiani}, S. and {Fontana}, A. and {Giallongo}, E. and {Matarrese}, S. and
	{Saracco}, P.},
    title = "{Measuring the redshift evolution of clustering: the Hubble Deep Field South}",
  journal = {MNRAS},
   eprint = {arXiv:astro-ph/0109453},
     year = 2002,
    month = jan,
   volume = 329,
    pages = {355-366},
      doi = {10.1046/j.1365-8711.2002.04988.x},
   adsurl = {http://adsabs.harvard.edu/abs/2002MNRAS.329..355A},
  adsnote = {Provided by the Smithsonian/NASA Astrophysics Data System}
}

@ARTICLE{Tasse06,
   author = {{Tasse}, C. and {Cohen}, A.~S. and {R{\"o}ttgering}, H.~J.~A. and
	{Kassim}, N.~E. and {Pierre}, M. and {Perley}, R. and {Best}, P. and
	{Birkinshaw}, M. and {Bremer}, M. and {Liang}, H.},
    title = "{New results from the low-frequency counterpart of the XMM large scale structure survey}",
  journal = {A\&A},
     year = 2006,
    month = sep,
   volume = 456,
    pages = {791-800},
      doi = {10.1051/0004-6361:20065018},
   adsurl = {http://adsabs.harvard.edu/abs/2006A%26A...456..791T},
  adsnote = {Provided by the Smithsonian/NASA Astrophysics Data System}
}

@ARTICLE{Polletta06,
   author = {{Polletta}, M.~d.~C. and {Wilkes}, B.~J. and {Siana}, B. and
	{Lonsdale}, C.~J. and {Kilgard}, R. and {Smith}, H.~E. and {Kim}, D.-W. and
	{Owen}, F. and {Efstathiou}, A. and {Jarrett}, T. and {Stacey}, G. and
	{Franceschini}, A. and {Rowan-Robinson}, M. and {Babbedge}, T.~S.~R. and
	{Berta}, S. and {Fang}, F. and {Farrah}, D. and {Gonz{\'a}lez-Solares}, E. and
	{Morrison}, G. and {Surace}, J.~A. and {Shupe}, D.~L.},
    title = "{Chandra and Spitzer Unveil Heavily Obscured Quasars in the Chandra/SWIRE Survey}",
  journal = {\apj},
     year = 2006,
    month = may,
   volume = 642,
    pages = {673-693},
      doi = {10.1086/500821},
   adsurl = {http://adsabs.harvard.edu/abs/2006ApJ...642..673P},
  adsnote = {Provided by the Smithsonian/NASA Astrophysics Data System}
}

@ARTICLE{Seymour07,
   author = {{Seymour}, N. and {Stern}, D. and {De Breuck}, C. and {Vernet}, J. and
	{Rettura}, A. and {Dickinson}, M. and {Dey}, A. and {Eisenhardt}, P. and
	{Fosbury}, R. and {Lacy}, M. and {McCarthy}, P. and {Miley}, G. and
	{Rocca-Volmerange}, B. and {Rottgering}, H. and {Stanford}, S.~A. and
	{Teplitz}, H. and {van Breugel}, W. and {Zirm}, A.},
    title = "{The Massive Hosts of Radio Galaxies Across Cosmic Time}",
  journal = {ArXiv Astrophysics e-prints},
   eprint = {astro-ph/0703224},
     year = 2007,
    month = mar,
   adsurl = {http://adsabs.harvard.edu/abs/2007astro.ph..3224S},
  adsnote = {Provided by the Smithsonian/NASA Astrophysics Data System}
}

@ARTICLE{Veilleux06,
   author = {{Veilleux}, S.},
    title = "{The hosts and environments of local ULIRGs and QSOs}",
  journal = {New Astronomy Review},
     year = 2006,
    month = nov,
   volume = 50,
    pages = {701-707},
      doi = {10.1016/j.newar.2006.06.078},
   adsurl = {http://adsabs.harvard.edu/abs/2006NewAR..50..701V},
  adsnote = {Provided by the Smithsonian/NASA Astrophysics Data System}
}

@ARTICLE{Rocca04,
   author = {{Rocca-Volmerange}, B. and {Le Borgne}, D. and {De Breuck}, C. and
	{Fioc}, M. and {Moy}, E.},
    title = "{The radio galaxy K-z relation: The 10^{12} M_{%GÃÂÃÂ¯%@} mass limit. Masses of galaxies from the L_{K} luminosity, up to z {\gt} 4}",
  journal = {A\&A},
   eprint = {arXiv:astro-ph/0311490},
     year = 2004,
    month = mar,
   volume = 415,
    pages = {931-940},
      doi = {10.1051/0004-6361:20031717},
   adsurl = {http://adsabs.harvard.edu/abs/2004A%26A...415..931R},
  adsnote = {Provided by the Smithsonian/NASA Astrophysics Data System}
}

@ARTICLE{Avni83,
   author = {{Avni}, Y. and {Schiller}, N.},
    title = "{Quasar evolution - Not a deficit at 'low' redshifts}",
  journal = {\apj},
     year = 1983,
    month = apr,
   volume = 267,
    pages = {1-3},
      doi = {10.1086/160838},
   adsurl = {http://adsabs.harvard.edu/abs/1983ApJ...267....1A},
  adsnote = {Provided by the Smithsonian/NASA Astrophysics Data System}
}

@ARTICLE{Willott01,
   author = {{Willott}, C.~J. and {Rawlings}, S. and {Blundell}, K.~M. and
	{Lacy}, M. and {Eales}, S.~A.},
    title = "{The radio luminosity function from the low-frequency 3CRR, 6CE and 7CRS complete samples}",
  journal = {MNRAS},
     year = 2001,
    month = apr,
   volume = 322,
    pages = {536-552},
   adsurl = {http://adsabs.harvard.edu/abs/2001MNRAS.322..536W},
  adsnote = {Provided by the Smithsonian/NASA Astrophysics Data System}
}

@ARTICLE{Clewley04,
   author = {{Clewley}, L. and {Jarvis}, M.~J.},
    title = "{The cosmic evolution of low-luminosity radio sources from the Sloan Digital Sky Survey Data Release 1}",
  journal = {MNRAS},
     year = 2004,
    month = aug,
   volume = 352,
    pages = {909-914},
      doi = {10.1111/j.1365-2966.2004.07981.x},
   adsurl = {http://adsabs.harvard.edu/abs/2004MNRAS.352..909C},
  adsnote = {Provided by the Smithsonian/NASA Astrophysics Data System}
}

@ARTICLE{Schmidt68,
   author = {{Schmidt}, M.},
    title = "{Space Distribution and Luminosity Functions of Quasi-Stellar Radio Sources}",
  journal = {\apj},
     year = 1968,
    month = feb,
   volume = 151,
    pages = {393-+},
   adsurl = {http://adsabs.harvard.edu/abs/1968ApJ...151..393S},
  adsnote = {Provided by the Smithsonian/NASA Astrophysics Data System}
}

@ARTICLE{Grazian06,
   author = {{Grazian}, A. and {Fontana}, A. and {de Santis}, C. and {Nonino}, M. and
	{Salimbeni}, S. and {Giallongo}, E. and {Cristiani}, S. and
	{Gallozzi}, S. and {Vanzella}, E.},
    title = "{The GOODS-MUSIC sample: a multicolour catalog of near-IR selected galaxies in the GOODS-South field}",
  journal = {A\&A},
   eprint = {arXiv:astro-ph/0603094},
     year = 2006,
    month = apr,
   volume = 449,
    pages = {951-968},
      doi = {10.1051/0004-6361:20053979},
   adsurl = {http://adsabs.harvard.edu/abs/2006A%26A...449..951G},
  adsnote = {Provided by the Smithsonian/NASA Astrophysics Data System}
}

@ARTICLE{Drory04,
   author = {{Drory}, N. and {Bender}, R. and {Feulner}, G. and {Hopp}, U. and
	{Maraston}, C. and {Snigula}, J. and {Hill}, G.~J.},
    title = "{The Munich Near-Infrared Cluster Survey (MUNICS). VI. The Stellar Masses of K-Band-selected Field Galaxies to z\~{}1.2}",
  journal = {\apj},
   eprint = {arXiv:astro-ph/0403041},
     year = 2004,
    month = jun,
   volume = 608,
    pages = {742-751},
      doi = {10.1086/420781},
   adsurl = {http://adsabs.harvard.edu/abs/2004ApJ...608..742D},
  adsnote = {Provided by the Smithsonian/NASA Astrophysics Data System}
}

@ARTICLE{Avni80,
   author = {{Avni}, Y. and {Bahcall}, J.~N.},
    title = "{On the simultaneous analysis of several complete samples - The V/Vmax and Ve/Va variables, with applications to quasars}",
  journal = {\apj},
     year = 1980,
    month = feb,
   volume = 235,
    pages = {694-716},
      doi = {10.1086/157673},
   adsurl = {http://adsabs.harvard.edu/abs/1980ApJ...235..694A},
  adsnote = {Provided by the SAO/NASA Astrophysics Data System}
}

@ARTICLE{Avni76,
   author = {{Avni}, Y. and {Bahcall}, N.~A.},
    title = "{Statistical simulations of clusters of galaxies}",
  journal = {\apj},
     year = 1976,
    month = oct,
   volume = 209,
    pages = {16-21},
   adsurl = {http://adsabs.harvard.edu/abs/1976ApJ...209...16A},
  adsnote = {Provided by the Smithsonian/NASA Astrophysics Data System}
}

@ARTICLE{Avni83,
   author = {{Avni}, Y. and {Schiller}, N.},
    title = "{Quasar evolution - Not a deficit at 'low' redshifts}",
  journal = {\apj},
     year = 1983,
    month = apr,
   volume = 267,
    pages = {1-3},
      doi = {10.1086/160838},
   adsurl = {http://adsabs.harvard.edu/abs/1983ApJ...267....1A},
  adsnote = {Provided by the Smithsonian/NASA Astrophysics Data System}
}


@ARTICLE{Fontana06,
   author = {{Fontana}, A. and {Salimbeni}, S. and {Grazian}, A. and {Giallongo}, E. and
	{Pentericci}, L. and {Nonino}, M. and {Fontanot}, F. and {Menci}, N. and
	{Monaco}, P. and {Cristiani}, S. and {Vanzella}, E. and {de Santis}, C. and
	{Gallozzi}, S.},
    title = "{The Galaxy mass function up to z =4 in the GOODS-MUSIC sample: into the epoch of formation of massive galaxies}",
  journal = {A\&A},
   eprint = {arXiv:astro-ph/0609068},
     year = 2006,
    month = dec,
   volume = 459,
    pages = {745-757},
      doi = {10.1051/0004-6361:20065475},
   adsurl = {http://adsabs.harvard.edu/abs/2006A%26A...459..745F},
  adsnote = {Provided by the Smithsonian/NASA Astrophysics Data System}
}

@ARTICLE{Mathews03,
   author = {{Mathews}, W.~G. and {Brighenti}, F.},
    title = "{Hot Gas in and around Elliptical Galaxies}",
  journal = {\araa},
   eprint = {arXiv:astro-ph/0309553},
     year = 2003,
   volume = 41,
    pages = {191-239},
      doi = {10.1146/annurev.astro.41.090401.094542},
   adsurl = {http://adsabs.harvard.edu/abs/2003ARA%26A..41..191M},
  adsnote = {Provided by the Smithsonian/NASA Astrophysics Data System}
}

@ARTICLE{Best07,
   author = {{Best}, P.~N. and {von der Linden}, A. and {Kauffmann}, G. and
	{Heckman}, T.~M. and {Kaiser}, C.~R.},
    title = "{On the prevalence of radio-loud active galactic nuclei in brightest cluster galaxies: implications for AGN heating of cooling flows}",
  journal = {MNRAS},
   eprint = {arXiv:astro-ph/0611197},
     year = 2007,
    month = jun,
    pages = {527-+},
      doi = {10.1111/j.1365-2966.2007.11937.x},
   adsurl = {http://adsabs.harvard.edu/abs/2007MNRAS.tmp..527B},
  adsnote = {Provided by the Smithsonian/NASA Astrophysics Data System}
}

@ARTICLE{Gomez03,
   author = {{G{\'o}mez}, P.~L. and {Nichol}, R.~C. and {Miller}, C.~J. and
	{Balogh}, M.~L. and {Goto}, T. and {Zabludoff}, A.~I. and {Romer}, A.~K. and
	{Bernardi}, M. and {Sheth}, R. and {Hopkins}, A.~M. and {Castander}, F.~J. and
	{Connolly}, A.~J. and {Schneider}, D.~P. and {Brinkmann}, J. and
	{Lamb}, D.~Q. and {SubbaRao}, M. and {York}, D.~G.},
    title = "{Galaxy Star Formation as a Function of Environment in the Early Data Release of the Sloan Digital Sky Survey}",
  journal = {\apj},
   eprint = {arXiv:astro-ph/0210193},
     year = 2003,
    month = feb,
   volume = 584,
    pages = {210-227},
      doi = {10.1086/345593},
   adsurl = {http://adsabs.harvard.edu/abs/2003ApJ...584..210G},
  adsnote = {Provided by the Smithsonian/NASA Astrophysics Data System}
}

@ARTICLE{Sanders88b,
   author = {{Sanders}, D.~B. and {Soifer}, B.~T. and {Elias}, J.~H. and
	{Neugebauer}, G. and {Matthews}, K.},
    title = "{Warm ultraluminous galaxies in the IRAS survey - The transition from galaxy to quasar?}",
  journal = {\apjl},
     year = 1988,
    month = may,
   volume = 328,
    pages = {L35-L39},
      doi = {10.1086/185155},
   adsurl = {http://adsabs.harvard.edu/abs/1988ApJ...328L..35S},
  adsnote = {Provided by the Smithsonian/NASA Astrophysics Data System}
}

@INPROCEEDINGS{Baker97,
   author = {{Baker}, A.~C. and {Clements}, D.~L.},
    title = "{The Fate of Ultra-Luminous Mergers}",
booktitle = {Extragalactic Astronomy in the Infrared},
     year = 1997,
   editor = {{Mamon}, G.~A. and {Thuan}, T.~X. and {Tran Thanh van}, J.},
    pages = {295-+},
   adsurl = {http://adsabs.harvard.edu/abs/1997eai..proc..295B},
  adsnote = {Provided by the Smithsonian/NASA Astrophysics Data System}
}

@ARTICLE{Sanders96,
   author = {{Sanders}, D.~B. and {Mirabel}, I.~F.},
    title = "{Luminous Infrared Galaxies}",
  journal = {\araa},
     year = 1996,
   volume = 34,
    pages = {749-+},
      doi = {10.1146/annurev.astro.34.1.749},
   adsurl = {http://adsabs.harvard.edu/abs/1996ARA%26A..34..749S},
  adsnote = {Provided by the Smithsonian/NASA Astrophysics Data System}
}

@ARTICLE{Sanders88a,
   author = {{Sanders}, D.~B. and {Soifer}, B.~T. and {Elias}, J.~H. and
	{Madore}, B.~F. and {Matthews}, K. and {Neugebauer}, G. and
	{Scoville}, N.~Z.},
    title = "{Ultraluminous infrared galaxies and the origin of quasars}",
  journal = {\apj},
     year = 1988,
    month = feb,
   volume = 325,
    pages = {74-91},
      doi = {10.1086/165983},
   adsurl = {http://adsabs.harvard.edu/abs/1988ApJ...325...74S},
  adsnote = {Provided by the Smithsonian/NASA Astrophysics Data System}
}

@ARTICLE{Best04,
   author = {{Best}, P.~N.},
    title = "{The environmental dependence of radio-loud AGN activity and star formation in the 2dFGRS}",
  journal = {MNRAS},
   eprint = {arXiv:astro-ph/0402523},
     year = 2004,
    month = jun,
   volume = 351,
    pages = {70-82},
      doi = {10.1111/j.1365-2966.2004.07752.x},
   adsurl = {http://adsabs.harvard.edu/abs/2004MNRAS.351...70B},
  adsnote = {Provided by the Smithsonian/NASA Astrophysics Data System}
}


@ARTICLE{Best06,
   author = {{Best}, P.~N. and {Kaiser}, C.~R. and {Heckman}, T.~M. and {Kauffmann}, G.
	},
    title = "{AGN-controlled cooling in elliptical galaxies}",
  journal = {MNRAS},
   eprint = {arXiv:astro-ph/0602171},
     year = 2006,
    month = may,
   volume = 368,
    pages = {L67-L71},
      doi = {10.1111/j.1745-3933.2006.00159.x},
   adsurl = {http://adsabs.harvard.edu/abs/2006MNRAS.368L..67B},
  adsnote = {Provided by the Smithsonian/NASA Astrophysics Data System}
}

@ARTICLE{Springel05b,
   author = {{Springel}, V. and {Di Matteo}, T. and {Hernquist}, L.},
    title = "{Modelling feedback from stars and black holes in galaxy mergers}",
  journal = {MNRAS},
   eprint = {arXiv:astro-ph/0411108},
     year = 2005,
    month = aug,
   volume = 361,
    pages = {776-794},
      doi = {10.1111/j.1365-2966.2005.09238.x},
   adsurl = {http://adsabs.harvard.edu/abs/2005MNRAS.361..776S},
  adsnote = {Provided by the Smithsonian/NASA Astrophysics Data System}
}

@ARTICLE{Springel05a,
   author = {{Springel}, V. and {Di Matteo}, T. and {Hernquist}, L.},
    title = "{Black Holes in Galaxy Mergers: The Formation of Red Elliptical Galaxies}",
  journal = {\apjl},
   eprint = {arXiv:astro-ph/0409436},
     year = 2005,
    month = feb,
   volume = 620,
    pages = {L79-L82},
      doi = {10.1086/428772},
   adsurl = {http://adsabs.harvard.edu/abs/2005ApJ...620L..79S},
  adsnote = {Provided by the Smithsonian/NASA Astrophysics Data System}
}

@ARTICLE{Gebhardt00,
   author = {{Gebhardt}, K. and {Bender}, R. and {Bower}, G. and {Dressler}, A. and
	{Faber}, S.~M. and {Filippenko}, A.~V. and {Green}, R. and {Grillmair}, C. and
	{Ho}, L.~C. and {Kormendy}, J. and {Lauer}, T.~R. and {Magorrian}, J. and
	{Pinkney}, J. and {Richstone}, D. and {Tremaine}, S.},
    title = "{A Relationship between Nuclear Black Hole Mass and Galaxy Velocity Dispersion}",
  journal = {\apjl},
   eprint = {arXiv:astro-ph/0006289},
     year = 2000,
    month = aug,
   volume = 539,
    pages = {L13-L16},
      doi = {10.1086/312840},
   adsurl = {http://adsabs.harvard.edu/abs/2000ApJ...539L..13G},
  adsnote = {Provided by the Smithsonian/NASA Astrophysics Data System}
}

@ARTICLE{Oliver98,
   author = {{Oliver}, S. and {Gruppioni}, C. and {Serjeant}, S.},
    title = "{The radio luminosity density of star-burst galaxies and co-moving star formation rate}",
  journal = {ArXiv Astrophysics e-prints},
   eprint = {astro-ph/9808260},
     year = 1998,
    month = aug,
   adsurl = {http://adsabs.harvard.edu/abs/1998astro.ph..8260O},
  adsnote = {Provided by the Smithsonian/NASA Astrophysics Data System}
}

@ARTICLE{Pozzi04,
   author = {{Pozzi}, F. and {Gruppioni}, C. and {Oliver}, S. and {Matute}, I. and
	{La Franca}, F. and {Lari}, C. and {Zamorani}, G. and {Serjeant}, S. and
	{Franceschini}, A. and {Rowan-Robinson}, M.},
    title = "{The Mid-Infrared Luminosity Function of Galaxies in the European Large Area Infrared Space Observatory Survey Southern Fields}",
  journal = {\apj},
   eprint = {arXiv:astro-ph/0403242},
     year = 2004,
    month = jul,
   volume = 609,
    pages = {122-132},
      doi = {10.1086/420963},
   adsurl = {http://adsabs.harvard.edu/abs/2004ApJ...609..122P},
  adsnote = {Provided by the Smithsonian/NASA Astrophysics Data System}
}

@ARTICLE{Polletta07,
   author = {{Polletta}, M. and {Tajer}, M. and {Maraschi}, L. and {Trinchieri}, G. and
	{Lonsdale}, C.~J. and {Chiappetti}, L. and {Andreon}, S. and
	{Pierre}, M. and {Le Fevre}, O. and {Zamorani}, G. and {Maccagni}, D. and
	{Garcet}, O. and {Surdej}, J. and {Franceschini}, A. and {Alloin}, D. and
	{Shupe}, D.~L. and {Surace}, J.~A. and {Fang}, F. and {Rowan-Robinson}, M. and
	{Smith}, H.~E. and {Tresse}, L.},
    title = "{Spectral Energy Distributions of Hard X-ray selected AGNs in the XMDS Survey}",
  journal = {ArXiv Astrophysics e-prints},
   eprint = {astro-ph/0703255},
     year = 2007,
    month = mar,
   adsurl = {http://adsabs.harvard.edu/cgi-bin/nph-bib_query?bibcode=2007astro.ph..3255P&db_key=PRE},
  adsnote = {Provided by the Smithsonian/NASA Astrophysics Data System}
}

@ARTICLE{Cram98,
   author = {{Cram}, L.~E.},
    title = "{The Global Star Formation Rate from the 1.4 GHz Luminosity Function}",
  journal = {\apjl},
   eprint = {astro-ph/9808228},
     year = 1998,
    month = oct,
   volume = 506,
    pages = {L85-L88},
      doi = {10.1086/311651},
   adsurl = {http://adsabs.harvard.edu/cgi-bin/nph-bib_query?bibcode=1998ApJ...506L..85C&db_key=AST},
  adsnote = {Provided by the Smithsonian/NASA Astrophysics Data System}
}

@ARTICLE{Stern05,
   author = {{Stern}, D. and {Eisenhardt}, P. and {Gorjian}, V. and {Kochanek}, C.~S. and
	{Caldwell}, N. and {Eisenstein}, D. and {Brodwin}, M. and {Brown}, M.~J.~I. and
	{Cool}, R. and {Dey}, A. and {Green}, P. and {Jannuzi}, B.~T. and
	{Murray}, S.~S. and {Pahre}, M.~A. and {Willner}, S.~P.},
    title = "{Mid-Infrared Selection of Active Galaxies}",
  journal = {\apj},
   eprint = {astro-ph/0410523},
     year = 2005,
    month = sep,
   volume = 631,
    pages = {163-168},
      doi = {10.1086/432523},
   adsurl = {http://adsabs.harvard.edu/cgi-bin/nph-bib_query?bibcode=2005ApJ...631..163S&db_key=AST},
  adsnote = {Provided by the Smithsonian/NASA Astrophysics Data System}
}

@ARTICLE{Becker95,
   author = {{Becker}, R.~H. and {White}, R.~L. and {Helfand}, D.~J.},
    title = "{The FIRST Survey: Faint Images of the Radio Sky at Twenty Centimeters}",
  journal = {\apj},
     year = 1995,
    month = sep,
   volume = 450,
    pages = {559-+},
      doi = {10.1086/176166},
   adsurl = {http://adsabs.harvard.edu/cgi-bin/nph-bib_query?bibcode=1995ApJ...450..559B&db_key=AST},
  adsnote = {Provided by the Smithsonian/NASA Astrophysics Data System}
}


@ARTICLE{Silva98,
   author = {{Silva}, L. and {Granato}, G.~L. and {Bressan}, A. and {Danese}, L.
	},
    title = "{Modeling the Effects of Dust on Galactic Spectral Energy Distributions from the Ultraviolet to the Millimeter Band}",
  journal = {\apj},
     year = 1998,
    month = dec,
   volume = 509,
    pages = {103-117},
      doi = {10.1086/306476},
   adsurl = {http://adsabs.harvard.edu/cgi-bin/nph-bib_query?bibcode=1998ApJ...509..103S&db_key=AST},
  adsnote = {Provided by the Smithsonian/NASA Astrophysics Data System}
}

@ARTICLE{Rowan05,
   author = {{Rowan-Robinson}, M. and {Babbedge}, T. and {Surace}, J. and
	{Shupe}, D. and {Fang}, F. and {Lonsdale}, C. and {Smith}, G. and
	{Polletta}, M. and {Siana}, B. and {Gonzalez-Solares}, E. and
	{Xu}, K. and {Owen}, F. and {Davoodi}, P. and {Dole}, H. and
	{Domingue}, D. and {Efstathiou}, A. and {Farrah}, D. and {Fox}, M. and
	{Franceschini}, A. and {Frayer}, D. and {Hatziminaoglou}, E. and
	{Masci}, F. and {Morrison}, G. and {Nandra}, K. and {Oliver}, S. and
	{Onyett}, N. and {Padgett}, D. and {Perez-Fournon}, I. and {Serjeant}, S. and
	{Stacey}, G. and {Vaccari}, M.},
    title = "{Spectral Energy Distributions and Luminosities of Galaxies and Active Galactic Nuclei in the Spitzer Wide-Area Infrared Extragalactic (SWIRE) Legacy Survey}",
  journal = {\aj},
     year = 2005,
    month = mar,
   volume = 129,
    pages = {1183-1197},
      doi = {10.1086/428001},
   adsurl = {http://adsabs.harvard.edu/cgi-bin/nph-bib_query?bibcode=2005AJ....129.1183R&db_key=AST},
  adsnote = {Provided by the Smithsonian/NASA Astrophysics Data System}
}

@ARTICLE{Surace04,
   author = {{Surace}, J.~A. and {Shupe}, D.~L. and {Fang}, F. and {Lonsdale}, C.~J. and
	{Gonzalez-Solares}, E. and {Baddedge}, T. and {Frayer}, D. and
	{Evans}, T. and {Jarrett}, T. and {Padgett}, D.~L. and {Castro}, S. and
	{Masci}, F. and {Domingue}, D. and {Fox}, M. and {Rowan-Robinson}, M. and
	{Perez-Fournon}, I. and {Olivier}, S. and {Poletta}, M. and
	{Berta}, S. and {Rodighiero}, G. and {Vaccari}, M. and {Stacey}, G. and
	{Hatziminaoglou}, E. and {Farrah}, D. and {Siana}, B. and {Smith}, H.~E. and
	{Franceschini}, A. and {Owen}, F. and {Pierre}, M. and {Xu}, C. and
	{Afonso-Luis}, A. and {Davoodi}, P. and {Dole}, H. and {Pozzi}, F. and
	{Salaman}, M. and {Waddington}, I.},
    title = "{SWIRE ELAIS N1 Source Catalogs (Surace+, 2004)}",
  journal = {VizieR Online Data Catalog},
     year = 2004,
    month = nov,
   volume = 2255,
    pages = {0-+},
   adsurl = {http://adsabs.harvard.edu/cgi-bin/nph-bib_query?bibcode=2004yCat.2255....0S&db_key=AST},
  adsnote = {Provided by the Smithsonian/NASA Astrophysics Data System}
}

@ARTICLE{Kashikawa04,
   author = {{Kashikawa}, N. and {Shimasaku}, K. and {Yasuda}, N. and {Ajiki}, M. and
	{Akiyama}, M. and {Ando}, H. and {Aoki}, K. and {Doi}, M. and
	{Fujita}, S.~S. and {Furusawa}, H. and {Hayashino}, T. and {Iwamuro}, F. and
	{Iye}, M. and {Karoji}, H. and {Kobayashi}, N. and {Kodaira}, K. and
	{Kodama}, T. and {Komiyama}, Y. and {Matsuda}, Y. and {Miyazaki}, S. and
	{Mizumoto}, Y. and {Morokuma}, T. and {Motohara}, K. and {Murayama}, T. and
	{Nagao}, T. and {Nariai}, K. and {Ohta}, K. and {Okamura}, S. and
	{Ouchi}, M. and {Sasaki}, T. and {Sato}, Y. and {Sekiguchi}, K. and
	{Shioya}, Y. and {Tamura}, H. and {Taniguchi}, Y. and {Umemura}, M. and
	{Yamada}, T. and {Yoshida}, M.},
    title = "{The Subaru Deep Field: The Optical Imaging Data}",
  journal = {\pasj},
   eprint = {astro-ph/0410005},
     year = 2004,
    month = dec,
   volume = 56,
    pages = {1011-1023},
   adsurl = {http://adsabs.harvard.edu/cgi-bin/nph-bib_query?bibcode=2004PASJ...56.1011K&db_key=AST},
  adsnote = {Provided by the Smithsonian/NASA Astrophysics Data System}
}

@ARTICLE{Simpson06,
   author = {{Simpson}, C. and {Mart{\'{\i}}nez-Sansigre}, A. and {Rawlings}, S. and
	{Ivison}, R. and {Akiyama}, M. and {Sekiguchi}, K. and {Takata}, T. and
	{Ueda}, Y. and {Watson}, M.},
    title = "{Radio imaging of the Subaru/XMM-Newton Deep Field - I. The 100-{$\mu$}Jy catalogue, optical identifications, and the nature of the faint radio source population}",
  journal = {MNRAS},
   eprint = {astro-ph/0609529},
     year = 2006,
    month = oct,
   volume = 372,
    pages = {741-757},
      doi = {10.1111/j.1365-2966.2006.10907.x},
   adsurl = {http://adsabs.harvard.edu/cgi-bin/nph-bib_query?bibcode=2006MNRAS.372..741S&db_key=AST},
  adsnote = {Provided by the Smithsonian/NASA Astrophysics Data System}
}

@ARTICLE{Sutherland92,
   author = {{Sutherland}, W. and {Saunders}, W.},
    title = "{On the likelihood ratio for source identification}",
  journal = {MNRAS},
     year = 1992,
    month = dec,
   volume = 259,
    pages = {413-420},
   adsurl = {http://adsabs.harvard.edu/cgi-bin/nph-bib_query?bibcode=1992MNRAS.259..413S&db_key=AST},
  adsnote = {Provided by the Smithsonian/NASA Astrophysics Data System}
}

@ARTICLE{Wolstencroft86,
   author = {{Wolstencroft}, R.~D. and {Savage}, A. and {Clowes}, R.~G. and
	{MacGillivray}, H.~T. and {Leggett}, S.~K. and {Kalafi}, M.},
    title = "{The Identification of IRAS Point Sources - Part One - a 304-DEGREE Field Centred on the South Galactic Pole}",
  journal = {MNRAS},
     year = 1986,
    month = nov,
   volume = 223,
    pages = {279-+},
   adsurl = {http://adsabs.harvard.edu/cgi-bin/nph-bib_query?bibcode=1986MNRAS.223..279W&db_key=AST},
  adsnote = {Provided by the Smithsonian/NASA Astrophysics Data System}
}

@ARTICLE{DeRuiter77,
   author = {{de Ruiter}, H.~R. and {Arp}, H.~C. and {Willis}, A.~G.},
    title = "{A Westerbork 1415 MHz survey of background radio sources. II - Optical identifications with deep IIIA-J plates}",
  journal = {A\&As},
     year = 1977,
    month = may,
   volume = 28,
    pages = {211-293},
   adsurl = {http://adsabs.harvard.edu/cgi-bin/nph-bib_query?bibcode=1977A%26AS...28..211D&db_key=AST},
  adsnote = {Provided by the Smithsonian/NASA Astrophysics Data System}
}

@ARTICLE{Prestage83,
   author = {{Prestage}, R.~M. and {Peacock}, J.~A.},
    title = "{Optical identifications of Parkes radio sources using UK Schmidt plates}",
  journal = {MNRAS},
     year = 1983,
    month = jul,
   volume = 204,
    pages = {355-364},
   adsurl = {http://adsabs.harvard.edu/cgi-bin/nph-bib_query?bibcode=1983MNRAS.204..355P&db_key=AST},
  adsnote = {Provided by the Smithsonian/NASA Astrophysics Data System}
}

@ARTICLE{Benn83,
   author = {{Benn}, C.~R.},
    title = "{Optical identification of radio sources in the presence of optical confusion}",
  journal = {The Observatory},
     year = 1983,
    month = jun,
   volume = 103,
    pages = {150-154},
   adsurl = {http://adsabs.harvard.edu/cgi-bin/nph-bib_query?bibcode=1983Obs...103..150B&db_key=AST},
  adsnote = {Provided by the Smithsonian/NASA Astrophysics Data System}
}

@ARTICLE{Snellen00,
   author = {{Snellen}, I.~A.~G. and {Schilizzi}, R.~T. and {Miley}, G.~K. and
	{de Bruyn}, A.~G. and {Bremer}, M.~N. and {R{\"o}ttgering}, H.~J.~A.
	},
    title = "{On the evolution of young radio-loud AGN}",
  journal = {MNRAS},
   eprint = {astro-ph/0002130},
     year = 2000,
    month = dec,
   volume = 319,
    pages = {445-456},
   adsurl = {http://adsabs.harvard.edu/cgi-bin/nph-bib_query?bibcode=2000MNRAS.319..445S&db_key=AST},
  adsnote = {Provided by the Smithsonian/NASA Astrophysics Data System}
}


@ARTICLE{Monet03,
   author = {{Monet}, D.~G. and {Levine}, S.~E. and {Canzian}, B. and {Ables}, H.~D. and
	{Bird}, A.~R. and {Dahn}, C.~C. and {Guetter}, H.~H. and {Harris}, H.~C. and
	{Henden}, A.~A. and {Leggett}, S.~K. and {Levison}, H.~F. and
	{Luginbuhl}, C.~B. and {Martini}, J. and {Monet}, A.~K.~B. and
	{Munn}, J.~A. and {Pier}, J.~R. and {Rhodes}, A.~R. and {Riepe}, B. and
	{Sell}, S. and {Stone}, R.~C. and {Vrba}, F.~J. and {Walker}, R.~L. and
	{Westerhout}, G. and {Brucato}, R.~J. and {Reid}, I.~N. and
	{Schoening}, W. and {Hartley}, M. and {Read}, M.~A. and {Tritton}, S.~B.
	},
    title = "{The USNO-B Catalog}",
  journal = {\aj},
   eprint = {astro-ph/0210694},
     year = 2003,
    month = feb,
   volume = 125,
    pages = {984-993},
      doi = {10.1086/345888},
   adsurl = {http://adsabs.harvard.edu/cgi-bin/nph-bib_query?bibcode=2003AJ....125..984M&db_key=AST},
  adsnote = {Provided by the Smithsonian/NASA Astrophysics Data System}
}

@ARTICLE{Bruzual93,
   author = {{Bruzual A.}, G. and {Charlot}, S.},
    title = "{Spectral evolution of stellar populations using isochrone synthesis}",
  journal = {\apj},
     year = 1993,
    month = mar,
   volume = 405,
    pages = {538-553},
      doi = {10.1086/172385},
   adsurl = {http://adsabs.harvard.edu/cgi-bin/nph-bib_query?bibcode=1993ApJ...405..538B&db_key=AST},
  adsnote = {Provided by the Smithsonian/NASA Astrophysics Data System}
}
@ARTICLE{Best05,
   author = {{Best}, P.~N. and {Kauffmann}, G. and {Heckman}, T.~M. and {Brinchmann}, J. and
	{Charlot}, S. and {Ivezi{\'c}}, {\v Z}. and {White}, S.~D.~M.
	},
    title = "{The host galaxies of radio-loud active galactic nuclei: mass dependences, gas cooling and active galactic nuclei feedback}",
  journal = {MNRAS},
     year = 2005,
    month = sep,
   volume = 362,
    pages = {25-40},
      doi = {10.1111/j.1365-2966.2005.09192.x},
   adsurl = {http://adsabs.harvard.edu/cgi-bin/nph-bib_query?bibcode=2005MNRAS.362...25B&db_key=AST},
  adsnote = {Provided by the Smithsonian/NASA Astrophysics Data System}
}

@ARTICLE{McCarthy93,
   author = {{McCarthy}, P.~J.},
    title = "{High redshift radio galaxies}",
  journal = {\araa},
     year = 1993,
   volume = 31,
    pages = {639-688},
      doi = {10.1146/annurev.aa.31.090193.003231},
   adsurl = {http://adsabs.harvard.edu/cgi-bin/nph-bib_query?bibcode=1993ARA%26A..31..639M&db_key=AST},
  adsnote = {Provided by the Smithsonian/NASA Astrophysics Data System}
}

@ARTICLE{Fioc97,
   author = {{Fioc}, M. and {Rocca-Volmerange}, B.},
    title = "{PEGASE: a UV to NIR spectral evolution model of galaxies. Application to the calibration of bright galaxy counts.}",
  journal = {A\&A},
     year = 1997,
    month = oct,
   volume = 326,
    pages = {950-962},
   adsurl = {http://adsabs.harvard.edu/cgi-bin/nph-bib_query?bibcode=1997A%26A...326..950F&db_key=AST},
  adsnote = {Provided by the Smithsonian/NASA Astrophysics Data System}
}


@ARTICLE{LeBorgne02,
   author = {{Le Borgne}, D. and {Rocca-Volmerange}, B.},
    title = "{Photometric redshifts from evolutionary synthesis with P{\'E}GASE: The code Z-PEG and the z=0 age constraint}",
  journal = {A\&A},
   eprint = {astro-ph/0202359},
     year = 2002,
    month = may,
   volume = 386,
    pages = {446-455},
      doi = {10.1051/0004-6361:20020259},
   adsurl = {http://adsabs.harvard.edu/cgi-bin/nph-bib_query?bibcode=2002A%26A...386..446L&db_key=AST},
  adsnote = {Provided by the Smithsonian/NASA Astrophysics Data System}
}

@ARTICLE{LeBorgne04,
   author = {{Le Borgne}, D. and {Rocca-Volmerange}, B. and {Prugniel}, P. and
	{Lan{\c c}on}, A. and {Fioc}, M. and {Soubiran}, C.},
    title = "{Evolutionary synthesis of galaxies at high spectral resolution with the code PEGASE-HR. Metallicity and age tracers}",
  journal = {A\&A},
     year = 2004,
    month = oct,
   volume = 425,
    pages = {881-897},
      doi = {10.1051/0004-6361:200400044},
   adsurl = {http://adsabs.harvard.edu/cgi-bin/nph-bib_query?bibcode=2004A%26A...425..881L&db_key=AST},
  adsnote = {Provided by the Smithsonian/NASA Astrophysics Data System}
}

@ARTICLE{Kroupa02,
   author = {{Kroupa}, P.},
    title = "{The Initial Mass Function of Stars: Evidence for Uniformity in Variable Systems}",
  journal = {Science},
   eprint = {astro-ph/0201098},
     year = 2002,
    month = jan,
   volume = 295,
    pages = {82-91},
      doi = {10.1126/science.1067524},
   adsurl = {http://adsabs.harvard.edu/cgi-bin/nph-bib_query?bibcode=2002Sci...295...82K&db_key=AST},
  adsnote = {Provided by the Smithsonian/NASA Astrophysics Data System}
}

@ARTICLE{Bolzonella00,
   author = {{Bolzonella}, M. and {Miralles}, J.-M. and {Pell{\'o}}, R.},
    title = "{Photometric redshifts based on standard SED fitting procedures}",
  journal = {A\&A},
   eprint = {astro-ph/0003380},
     year = 2000,
    month = nov,
   volume = 363,
    pages = {476-492},
   adsurl = {http://adsabs.harvard.edu/cgi-bin/nph-bib_query?bibcode=2000A%26A...363..476B&db_key=AST},
  adsnote = {Provided by the Smithsonian/NASA Astrophysics Data System}
}

%proba-function
@ARTICLE{Bolzonella02,
   author = {{Bolzonella}, M. and {Pell{\'o}}, R. and {Maccagni}, D.},
    title = "{Luminosity functions beyond the spectroscopic limit. I. Method and near-infrared LFs in the HDF-N and HDF-S}",
  journal = {A\&A},
     year = 2002,
    month = nov,
   volume = 395,
    pages = {443-463},
      doi = {10.1051/0004-6361:20021286},
   adsurl = {http://adsabs.harvard.edu/cgi-bin/nph-bib_query?bibcode=2002A%26A...395..443B&db_key=AST},
  adsnote = {Provided by the Smithsonian/NASA Astrophysics Data System}
}

%3CR
@ARTICLE{Laing83,
   author = {{Laing}, R.~A. and {Riley}, J.~M. and {Longair}, M.~S.},
    title = "{Bright radio sources at 178 MHz - Flux densities, optical identifications and the cosmological evolution of powerful radio galaxies}",
  journal = {MNRAS},
     year = 1983,
    month = jul,
   volume = 204,
    pages = {151-187},
   adsurl = {http://adsabs.harvard.edu/cgi-bin/nph-bib_query?bibcode=1983MNRAS.204..151L&db_key=AST},
  adsnote = {Provided by the Smithsonian/NASA Astrophysics Data System}
}

%3CR assymetries
@ARTICLE{Best95,
   author = {{Best}, P.~N. and {Bailer}, D.~M. and {Longair}, M.~S. and {Riley}, J.~M.
	},
    title = "{Radio source asymmetries and unified schemes}",
  journal = {MNRAS},
     year = 1995,
    month = aug,
   volume = 275,
    pages = {1171-1184},
   adsurl = {http://adsabs.harvard.edu/cgi-bin/nph-bib_query?bibcode=1995MNRAS.275.1171B&db_key=AST},
  adsnote = {Provided by the Smithsonian/NASA Astrophysics Data System}
}

%Censor survey
@ARTICLE{Best03,
   author = {{Best}, P.~N. and {Arts}, J.~N. and {R{\"o}ttgering}, H.~J.~A. and
	{Rengelink}, R. and {Brookes}, M.~H. and {Wall}, J.},
    title = "{CENSORS: A Combined EIS-NVSS Survey Of Radio Sources - I. Sample definition, radio data and optical identifications}",
  journal = {MNRAS},
     year = 2003,
    month = dec,
   volume = 346,
    pages = {627-683},
      doi = {10.1046/j.1365-2966.2003.07125.x},
   adsurl = {http://adsabs.harvard.edu/cgi-bin/nph-bib_query?bibcode=2003MNRAS.346..627B&db_key=AST},
  adsnote = {Provided by the Smithsonian/NASA Astrophysics Data System}
}

%Likelihood ratio method
@ARTICLE{Richter75,
   author = {{Richter}, G.~A.},
    title = "{Search for optical identifications in the 5C3-radio survey. II - Statistical treatment and results}",
  journal = {Astronomische Nachrichten},
     year = 1975,
   volume = 296,
    pages = {65-81},
   adsurl = {http://adsabs.harvard.edu/cgi-bin/nph-bib_query?bibcode=1975AN....296...65R&db_key=AST},
  adsnote = {Provided by the Smithsonian/NASA Astrophysics Data System}
}

%Likelihood ratio method
@ARTICLE{Croton06,
   author = {{Croton}, D.~J. and {Springel}, V. and {White}, S.~D.~M. and
	{De Lucia}, G. and {Frenk}, C.~S. and {Gao}, L. and {Jenkins}, A. and
	{Kauffmann}, G. and {Navarro}, J.~F. and {Yoshida}, N.},
    title = "{The many lives of active galactic nuclei: cooling flows, black holes and the luminosities and colours of galaxies}",
  journal = {MNRAS},
   eprint = {arXiv:astro-ph/0508046},
     year = 2006,
    month = jan,
   volume = 365,
    pages = {11-28},
      doi = {10.1111/j.1365-2966.2005.09675.x},
   adsurl = {http://adsabs.harvard.edu/abs/2006MNRAS.365...11C},
  adsnote = {Provided by the Smithsonian/NASA Astrophysics Data System}
}

@ARTICLE{DeRuiter77,
   author = {{de Ruiter}, H.~R. and {Arp}, H.~C. and {Willis}, A.~G.},
    title = "{A Westerbork 1415 MHz survey of background radio sources. II - Optical identifications with deep IIIA-J plates}",
  journal = {A\&As},
     year = 1977,
    month = may,
   volume = 28,
    pages = {211-293},
   adsurl = {http://adsabs.harvard.edu/cgi-bin/nph-bib_query?bibcode=1977A%26AS...28..211D&db_key=AST},
  adsnote = {Provided by the Smithsonian/NASA Astrophysics Data System}
}

@ARTICLE{Croton05,
   author = {{Croton}, D.~J. and {Farrar}, G.~R. and {Norberg}, P. and {Colless}, M. and
	{Peacock}, J.~A. and {Baldry}, I.~K. and {Baugh}, C.~M. and
	{Bland-Hawthorn}, J. and {Bridges}, T. and {Cannon}, R. and
	{Cole}, S. and {Collins}, C. and {Couch}, W. and {Dalton}, G. and
	{De Propris}, R. and {Driver}, S.~P. and {Efstathiou}, G. and
	{Ellis}, R.~S. and {Frenk}, C.~S. and {Glazebrook}, K. and {Jackson}, C. and
	{Lahav}, O. and {Lewis}, I. and {Lumsden}, S. and {Maddox}, S. and
	{Madgwick}, D. and {Peterson}, B.~A. and {Sutherland}, W. and
	{Taylor}, K.},
    title = "{The 2dF Galaxy Redshift Survey: luminosity functions by density environment and galaxy type}",
  journal = {MNRAS},
   eprint = {astro-ph/0407537},
     year = 2005,
    month = jan,
   volume = 356,
    pages = {1155-1167},
      doi = {10.1111/j.1365-2966.2004.08546.x},
   adsurl = {http://adsabs.harvard.edu/cgi-bin/nph-bib_query?bibcode=2005MNRAS.356.1155C&db_key=AST},
  adsnote = {Provided by the Smithsonian/NASA Astrophysics Data System}
}
@ARTICLE{WMAP03,
   author = {{Spergel}, D.~N. and {Verde}, L. and {Peiris}, H.~V. and {Komatsu}, E. and
	{Nolta}, M.~R. and {Bennett}, C.~L. and {Halpern}, M. and {Hinshaw}, G. and
	{Jarosik}, N. and {Kogut}, A. and {Limon}, M. and {Meyer}, S.~S. and
	{Page}, L. and {Tucker}, G.~S. and {Weiland}, J.~L. and {Wollack}, E. and
	{Wright}, E.~L.},
    title = "{First-Year Wilkinson Microwave Anisotropy Probe (WMAP) Observations: Determination of Cosmological Parameters}",
  journal = {\apjs},
     year = 2003,
    month = sep,
   volume = 148,
    pages = {175-194},
   adsurl = {http://adsabs.harvard.edu/cgi-bin/nph-bib_query?bibcode=2003ApJS..148..175S&db_key=AST},
  adsnote = {Provided by the NASA Astrophysics Data System}
}

%SWIRE
@ARTICLE{Swire03,
   author = {{Lonsdale}, C.~J. and {Smith}, H.~E. and {Rowan-Robinson}, M. and
	{Surace}, J. and {Shupe}, D. and {Xu}, C. and {Oliver}, S. and
	{Padgett}, D. and {Fang}, F. and {Conrow}, T. and {Franceschini}, A. and
	{Gautier}, N. and {Griffin}, M. and {Hacking}, P. and {Masci}, F. and
	{Morrison}, G. and {O'Linger}, J. and {Owen}, F. and {P{\' e}rez-Fournon}, I. and
	{Pierre}, M. and {Puetter}, R. and {Stacey}, G. and {Castro}, S. and
	{Del Carmen Polletta}, M. and {Farrah}, D. and {Jarrett}, T. and
	{Frayer}, D. and {Siana}, B. and {Babbedge}, T. and {Dye}, S. and
	{Fox}, M. and {Gonzalez-Solares}, E. and {Salaman}, M. and {Berta}, S. and
	{Condon}, J.~J. and {Dole}, H. and {Serjeant}, S.},
    title = "{SWIRE: The SIRTF Wide-Area Infrared Extragalactic Survey}",
  journal = {\pasp},
     year = 2003,
    month = aug,
   volume = 115,
    pages = {897-927},
   adsurl = {http://adsabs.harvard.edu/cgi-bin/nph-bib_query?bibcode=2003PASP..115..897L&db_key=AST},
  adsnote = {Provided by the Smithsonian/NASA Astrophysics Data System}
}

%VLSS survey
@ARTICLE{VLSS03,
   author = {{Kassim}, N.~E. and {Lane}, W.~M. and {Cohen}, A.~S. and {Lazio}, T.~J.~W. and
	{Perley}, R.~A. and {Cotton}, W.~D. and {Condon}, J.~J. and
	{Erickson}, W.~C.},
    title = "{The VLA Low-frequency Sky Survey (VLSS)}",
  journal = {American Astronomical Society Meeting},
     year = 2003,
    month = dec,
   volume = 203,
    pages = {-+},
   adsurl = {http://adsabs.harvard.edu/cgi-bin/nph-bib_query?bibcode=2003AAS...203.5709K&db_key=AST},
  adsnote = {Provided by the NASA Astrophysics Data System}
}

@ARTICLE{DeBreuck00,
   author = {{De Breuck}, C. and {van Breugel}, W. and {R{\" o}ttgering}, H.~J.~A. and
	{Miley}, G.},
    title = "{A sample of 669 ultra steep spectrum radio sources to find high redshift radio galaxies}",
  journal = {A\&As},
     year = 2000,
    month = apr,
   volume = 143,
    pages = {303-333},
   adsurl = {http://adsabs.harvard.edu/cgi-bin/nph-bib_query?bibcode=2000A%26AS..143..303D&db_key=AST},
  adsnote = {Provided by the Smithsonian/NASA Astrophysics Data System}
}

%WENSS Survey
@ARTICLE{Reng97,
   author = {{Rengelink}, R.~B. and {Tang}, Y. and {de Bruyn}, A.~G. and
	{Miley}, G.~K. and {Bremer}, M.~N. and {Roettgering}, H.~J.~A. and
	{Bremer}, M.~A.~R.},
    title = "{The Westerbork Northern Sky Survey (WENSS), I. A 570 square degree Mini-Survey around the North Ecliptic Pole}",
  journal = {A\&As},
     year = 1997,
    month = aug,
   volume = 124,
    pages = {259-280},
   adsurl = {http://adsabs.harvard.edu/cgi-bin/nph-bib_query?bibcode=1997A%26AS..124..259R&amp;db_key=AST},
  adsnote = {Provided by the NASA Astrophysics Data System}
}

@INPROCEEDINGS{best98,
   author = {{Best}, P.},
    title = "{Powerful high redshift radio galaxies: probing clusters in the early universe}",
booktitle = {ASP Conf. Ser. 146: The Young Universe: Galaxy Formation and Evolution at Intermediate and High Redshift},
     year = 1998,
    pages = {482-+},
   adsurl = {http://adsabs.harvard.edu/cgi-bin/nph-bib_query?bibcode=1998yugf.conf..482B&db_key=AST},
  adsnote = {Provided by the NASA Astrophysics Data System}
}
@ARTICLE{Overzier03,
   author = {{Overzier}, R.~A. and {R{\" o}ttgering}, H.~J.~A. and {Rengelink}, R.~B. and
	{Wilman}, R.~J.},
    title = "{The spatial clustering of radio sources in NVSS and FIRST; implications for galaxy clustering evolution}",
  journal = {A\&A},
     year = 2003,
    month = jul,
   volume = 405,
    pages = {53-72},
   adsurl = {http://adsabs.harvard.edu/cgi-bin/nph-bib_query?bibcode=2003A%26A...405...53O&db_key=AST},
  adsnote = {Provided by the NASA Astrophysics Data System}
}

@ARTICLE{pierre04,
   author = {{Pierre}, M. and {Valtchanov}, I. and {Altieri}, B. and {Andreon}, S. and {Bolzonella}, M. and {Bremer}, M. and {Disseau}, L. and {Dos Santos}, S. and {Gandhi}, P. and {Jean}, C. and {Pacaud}, F. and {Read}, A. and {Refregier}, A. and {Willis}, J. and {Adami}, C. and {Alloin}, D. and {Birkinshaw}, M. and {Chiappetti}, L. and {Cohen}, A. and {Detal}, A. and {Duc}, P. and {Gosset}, E. and {Hjorth}, J. and {Jones}, L. and {LeFevre}, O. and {Lonsdale}, C. and {Maccagni}, D. and {Mazure}, A. and {McBreen}, B. and {McCracken}, H. and {Mellier}, Y. and {Ponman}, T. and {Quintana}, H. and {Rottgering}, H. and {Smette}, A. and {Surdej}, J. and {Starck}, J. and {Vigroux}, L. and {White}, S.},
    title = "{The XMM-LSS survey. Survey design and first results}",
  journal = {Journal of Cosmology and Astro-Particle Physics},
     year = 2004,
    month = sep,
   volume = 9,
    pages = {11-+},
   adsurl = {http://cdsads.u-strasbg.fr/cgi-bin/nph-bib_query?bibcode=2004JCAP...09..011
%P&db_key=AST},
  adsnote = {Provided by the NASA Astrophysics Data System}
}

@ARTICLE{pierre01,
   author = {{Pierre}, M. and {Alloin}, D. and {Altieri}, B. and {Birkinshaw}, M. and
	{Bremer}, M. and {B{\" o}hringer}, H. and {Hjorth}, J. and {Jones}, L. and
	{Le F{\` e}vre}, O. and {Maccagni}, D. and {McBreen}, B. and
	{Mellier}, Y. and {Molinari}, E. and {Quintana}, H. and {R{\" o}ttgering}, H. and
	{Surdej}, J. and {Vigroux}, L. and {White}, S. and {Lonsdale}, C.
	},
    title = "{The XMM Large Scale Structure Survey and its multi-{$\lambda$} follow-up}",
  journal = {The Messenger},
     year = 2001,
    month = sep,
   volume = 105,
    pages = {32-36},
   adsurl = {http://adsabs.harvard.edu/cgi-bin/nph-bib_query?bibcode=2001Msngr.105...32P&amp;db_key=AST},
  adsnote = {Provided by the NASA Astrophysics Data System}
}

@ARTICLE{Cohen03,
   author = {{Cohen}, A.~S. and {R{\" o}ttgering}, H.~J.~A. and {Kassim}, N.~E. and
	{Cotton}, W.~D. and {Perley}, R.~A. and {Wilman}, R. and {Best}, P. and
	{Pierre}, M. and {Birkinshaw}, M. and {Bremer}, M. and {Zanichelli}, A.
	},
    title = "{The Low-Frequency Radio Counterpart of the XMM Large-Scale Structure Survey}",
  journal = {\apj},
     year = 2003,
    month = jul,
   volume = 591,
    pages = {640-661},
   adsurl = {http://adsabs.harvard.edu/cgi-bin/nph-bib_query?bibcode=2003ApJ...591..640C&amp;db_key=AST},
  adsnote = {Provided by the NASA Astrophysics Data System}
}

%PSEUDO 3D FFT
@INPROCEEDINGS{Perley99,
   author = {{Perley}, R.~A.},
    title = "{Imaging with Non-Coplanar Arrays}",
booktitle = {ASP Conf. Ser. 180: Synthesis Imaging in Radio Astronomy II},
     year = 1999,
    pages = {383-+},
   adsurl = {http://adsabs.harvard.edu/cgi-bin/nph-bib_query?bibcode=1999sira.conf..383P&amp;db_key=AST},
  adsnote = {Provided by the NASA Astrophysics Data System}
}

%BARRES ERREUR SUR LES QUANTITEE ETIMEES
@ARTICLE{Condon97,
   author = {{Condon}, J.~J.},
    title = "{Errors in Elliptical Gaussian FITS}",
  journal = {\pasp},
     year = 1997,
    month = feb,
   volume = 109,
    pages = {166-172},
   adsurl = {http://adsabs.harvard.edu/cgi-bin/nph-bib_query?bibcode=1997PASP..109..166C&amp;db_key=AST},
  adsnote = {Provided by the NASA Astrophysics Data System}
}
@ARTICLE{Condon98,
   author = {{Condon}, J.~J. and {Cotton}, W.~D. and {Greisen}, E.~W. and
	{Yin}, Q.~F. and {Perley}, R.~A. and {Taylor}, G.~B. and {Broderick}, J.~J.
	},
    title = "{The NRAO VLA Sky Survey}",
  journal = {\aj},
     year = 1998,
    month = may,
   volume = 115,
    pages = {1693-1716},
   adsurl = {http://adsabs.harvard.edu/cgi-bin/nph-bib_query?bibcode=1998AJ....115.1693C&amp;db_key=AST},
  adsnote = {Provided by the NASA Astrophysics Data System}
}

%PhD thesis: WAITING SCHEMES
@ARTICLE{Briggs95,
   author = {{Briggs}, D.~S.},
    title = "{High Fidelity Interferometric Imaging: Robust Weighting and NNLS Deconvolution}",
  journal = {Bulletin of the American Astronomical Society},
     year = 1995,
    month = dec,
   volume = 27,
    pages = {1444-+},
   adsurl = {http://adsabs.harvard.edu/cgi-bin/nph-bib_query?bibcode=1995AAS...18711202B&amp;db_key=AST},
  adsnote = {Provided by the NASA Astrophysics Data System}
}

@ARTICLE{Sullivan06,
   author = {{Sullivan}, M. and {Howell}, D.~A. and {Perrett}, K. and {Nugent}, P.~E. and
	{Astier}, P. and {Aubourg}, E. and {Balam}, D. and {Basa}, S. and
	{Carlberg}, R.~G. and {Conley}, A. and {Fabbro}, S. and {Fouchez}, D. and
	{Guy}, J. and {Hook}, I. and {Lafoux}, H. and {Neill}, J.~D. and
	{Pain}, R. and {Palanque-Delabrouille}, N. and {Pritchet}, C.~J. and
	{Regnault}, N. and {Rich}, J. and {Taillet}, R. and {Aldering}, G. and
	{Baumont}, S. and {Bronder}, J. and {Filiol}, M. and {Knop}, R.~A. and
	{Perlmutter}, S. and {Tao}, C.},
    title = "{Photometric Selection of High-Redshift Type Ia Supernova Candidates}",
  journal = {\aj},
   eprint = {astro-ph/0510857},
     year = 2006,
    month = feb,
   volume = 131,
    pages = {960-972},
      doi = {10.1086/499302},
   adsurl = {http://adsabs.harvard.edu/cgi-bin/nph-bib_query?bibcode=2006AJ....131..960S&db_key=AST},
  adsnote = {Provided by the Smithsonian/NASA Astrophysics Data System}
}

%Farnoff Riley discovery
@ARTICLE{FR74,
   author = {{Fanaroff}, B.~L. and {Riley}, J.~M.},
    title = "{The morphology of extragalactic radio sources of high and low luminosity}",
  journal = {MNRAS},
     year = 1974,
    month = may,
   volume = 167,
    pages = {31P-36P},
   adsurl = {http://adsabs.harvard.edu/cgi-bin/nph-bib_query?bibcode=1974MNRAS.167P..31F&db_key=AST},
  adsnote = {Provided by the NASA Astrophysics Data System}
}

%3CR complete SAmple
@ARTICLE{Mackay71,
   author = {{Mackay}, C.~D.},
    title = "{Observations of the structure of radio sources in the 3C cata-logue-V. The properties of sources in a complete sample}",
  journal = {MNRAS},
     year = 1971,
   volume = 154,
    pages = {209-+},
   adsurl = {http://adsabs.harvard.edu/cgi-bin/nph-bib_query?bibcode=1971MNRAS.154..209M&db_key=AST},
  adsnote = {Provided by the NASA Astrophysics Data System}
}

%FRI more massive than FRII
@ARTICLE{Owen89,
   author = {{Owen}, F.~N. and {Laing}, R.~A.},
    title = "{CCD surface photometry of radio galaxies. I - FR class I and II sources}",
  journal = {MNRAS},
     year = 1989,
    month = may,
   volume = 238,
    pages = {357-378},
   adsurl = {http://adsabs.harvard.edu/cgi-bin/nph-bib_query?bibcode=1989MNRAS.238..357O&db_key=AST},
  adsnote = {Provided by the NASA Astrophysics Data System}
}

%Emission line properties of FRI/II
@ARTICLE{Zirbel95,
   author = {{Zirbel}, E.~L. and {Baum}, S.~A.},
    title = "{On the FR I/FR II Dichotomy in Powerful Radio Sources: Analysis of Their Emission-Line and Radio Luminosities}",
  journal = {\apj},
     year = 1995,
    month = aug,
   volume = 448,
    pages = {521-+},
   adsurl = {http://adsabs.harvard.edu/cgi-bin/nph-bib_query?bibcode=1995ApJ...448..521Z&db_key=AST},
  adsnote = {Provided by the NASA Astrophysics Data System}
}

%FRI/II cutoff evolution in L^2
@ARTICLE{Ledlow96,
   author = {{Ledlow}, M.~J. and {Owen}, F.~N.},
    title = "{20 CM VLA Survey of Abell Clusters of Galaxies. VI. Radio/Optical Luminosity Functions}",
  journal = {\aj},
     year = 1996,
    month = jul,
   volume = 112,
    pages = {9-+},
   adsurl = {http://adsabs.harvard.edu/cgi-bin/nph-bib_query?bibcode=1996AJ....112....9L&db_key=AST},
  adsnote = {Provided by the NASA Astrophysics Data System}
}

%FRI, FRII, not only!!! There are stranger stuff up there...
@ARTICLE{Gopal00,
   author = {{Gopal-Krishna} and {Wiita}, P.~J.},
    title = "{Extragalactic radio sources with hybrid morphology: implications for the Fanaroff-Riley dichotomy}",
  journal = {A\&A},
     year = 2000,
    month = nov,
   volume = 363,
    pages = {507-516},
   adsurl = {http://adsabs.harvard.edu/cgi-bin/nph-bib_query?bibcode=2000A%26A...363..507G&db_key=AST},
  adsnote = {Provided by the NASA Astrophysics Data System}
}

@ARTICLE{Croston05,
   author = {{Croston}, J.~H. and {Hardcastle}, M.~J. and {Harris}, D.~E. and
	{Belsole}, E. and {Birkinshaw}, M. and {Worrall}, D.~M.},
    title = "{An X-Ray Study of Magnetic Field Strengths and Particle Content in the Lobes of FR II Radio Sources}",
  journal = {\apj},
     year = 2005,
    month = jun,
   volume = 626,
    pages = {733-747},
      doi = {10.1086/430170},
   adsurl = {http://adsabs.harvard.edu/cgi-bin/nph-bib_query?bibcode=2005ApJ...626..733C&db_key=AST},
  adsnote = {Provided by the Smithsonian/NASA Astrophysics Data System}
}

@INPROCEEDINGS{Croston05b,
   author = {{Croston}, J.~H. and {Hardcastle}, M.~J. and {Birkinshaw}, M. and
	{Worrall}, D.~M.},
    title = "{Jet/Environment Interactions of FRI and FRII Radio Galaxies}",
booktitle = {X-Ray and Radio Connections (eds. L.O. Sjouwerman and K.K Dyer) Published electronically by NRAO, http://www.aoc.nrao.edu/events/xraydio Held 3-6 February 2004 in Santa Fe, New Mexico, USA, (E7.06) 7 pages},
     year = 2005,
    month = apr,
   adsurl = {http://adsabs.harvard.edu/cgi-bin/nph-bib_query?bibcode=2005xrrc.procE7.06C&db_key=AST},
  adsnote = {Provided by the Smithsonian/NASA Astrophysics Data System}
}


%PREVISIONS NOMBRE DE CLUSTERS DETECTES
@ARTICLE{Refreg02,
   author = {{Refregier}, A. and {Valtchanov}, I. and {Pierre}, M.},
    title = "{Cosmology with galaxy clusters in the XMM large-scale structure survey}",
  journal = {A\&A},
     year = 2002,
    month = jul,
   volume = 390,
    pages = {1-12},
   adsurl = {http://adsabs.harvard.edu/cgi-bin/nph-bib_query?bibcode=2002A%26A...390....1R&amp;db_key=AST},
  adsnote = {Provided by the NASA Astrophysics Data System}
}

%L-T RELATION CLUSTERS
@ARTICLE{Arnaud99,
   author = {{Arnaud}, M. and {Evrard}, A.~E.},
    title = "{The L\_X-T relation and intracluster gas fractions of X-ray clusters}",
  journal = {MNRAS},
     year = 1999,
    month = may,
   volume = 305,
    pages = {631-640},
   adsurl = {http://adsabs.harvard.edu/cgi-bin/nph-bib_query?bibcode=1999MNRAS.305..631A&amp;db_key=AST},
  adsnote = {Provided by the NASA Astrophysics Data System}
}

%WENSS Survey
@ARTICLE{Reng97,
   author = {{Rengelink}, R.~B. and {Tang}, Y. and {de Bruyn}, A.~G. and
	{Miley}, G.~K. and {Bremer}, M.~N. and {Roettgering}, H.~J.~A. and
	{Bremer}, M.~A.~R.},
    title = "{The Westerbork Northern Sky Survey (WENSS), I. A 570 square degree Mini-Survey around the North Ecliptic Pole}",
  journal = {A\&As},
     year = 1997,
    month = aug,
   volume = 124,
    pages = {259-280},
   adsurl = {http://adsabs.harvard.edu/cgi-bin/nph-bib_query?bibcode=1997A%26AS..124..259R&amp;db_key=AST},
  adsnote = {Provided by the NASA Astrophysics Data System}
}

@ARTICLE{McLure00,
   author = {{McLure}, R.~J. and {Dunlop}, J.~S.},
    title = "{The evolution of 3CR radio galaxies from z1}",
  journal = {MNRAS},
   eprint = {astro-ph/9908214},
     year = 2000,
    month = sep,
   volume = 317,
    pages = {249-258},
   adsurl = {http://adsabs.harvard.edu/cgi-bin/nph-bib_query?bibcode=2000MNRAS.317..249M&db_key=AST},
  adsnote = {Provided by the Smithsonian/NASA Astrophysics Data System}
}

@ARTICLE{Best98b,
   author = {{Best}, P.~N. and {Longair}, M.~S. and {Roettgering}, H.~J.~A.
	},
    title = "{HST, radio and infrared observations of 28 3CR radio galaxies at redshift Z approximately equal to 1. II - Old stellar populations in central cluster galaxies}",
  journal = {MNRAS},
   eprint = {astro-ph/9709195},
     year = 1998,
    month = apr,
   volume = 295,
    pages = {549-+},
   adsurl = {http://adsabs.harvard.edu/cgi-bin/nph-bib_query?bibcode=1998MNRAS.295..549B&db_key=AST},
  adsnote = {Provided by the Smithsonian/NASA Astrophysics Data System}
}

%Deep westerbork survey:
@ARTICLE{Wierga91,
   author = {{Wieringa}, M.~H.},
  journal = {Ph.D.~Thesis},
     year = 1991,
   adsurl = {http://adsabs.harvard.edu/cgi-bin/nph-bib_query?bibcode=1991PhDT.......241W&amp;db_key=AST},
  adsnote = {Provided by the NASA Astrophysics Data System}
}

%1.4GHz survey, waddington 2001
@ARTICLE{Wadd01,
   author = {{Waddington}, I. and {Dunlop}, J.~S. and {Peacock}, J.~A. and
	{Windhorst}, R.~A.},
    title = "{The LBDS Hercules sample of mJy radio sources at 1.4 GHz - II. Redshift distribution, radio luminosity function, and the high-redshift cut-off}",
  journal = {MNRAS},
     year = 2001,
    month = dec,
   volume = 328,
    pages = {882-896},
   adsurl = {http://adsabs.harvard.edu/cgi-bin/nph-bib_query?bibcode=2001MNRAS.328..882W&amp;db_key=AST},
  adsnote = {Provided by the NASA Astrophysics Data System}
}


@ARTICLE{Dunlop90,
   author = {{Dunlop}, J.~S. and {Peacock}, J.~A.},
    title = "{The Redshift Cut-Off in the Luminosity Function of Radio Galaxies and Quasars}",
  journal = {MNRAS},
     year = 1990,
    month = nov,
   volume = 247,
    pages = {19-+},
   adsurl = {http://adsabs.harvard.edu/cgi-bin/nph-bib_query?bibcode=1990MNRAS.247...19D&db_key=AST},
  adsnote = {Provided by the Smithsonian/NASA Astrophysics Data System}
}

%==========================

%Radio Bubbles in X-ray clusters

@ARTICLE{Blanton04,
   author = {{Blanton}, E.~L. and {Sarazin}, C.~L. and {McNamara}, B.~R. and
	{Clarke}, T.~E.},
    title = "{Chandra Observation of the Central Region of the Cooling Flow Cluster A262: A Radio Source That Is a Shadow of Its Former Self?}",
  journal = {\apj},
     year = 2004,
    month = sep,
   volume = 612,
    pages = {817-824},
      doi = {10.1086/422677},
   adsurl = {http://adsabs.harvard.edu/cgi-bin/nph-bib_query?bibcode=2004ApJ...612..817B&db_key=AST},
  adsnote = {Provided by the Smithsonian/NASA Astrophysics Data System}
}

@ARTICLE{McNamara00,
   author = {{McNamara}, B.~R. and {Wise}, M. and {Nulsen}, P.~E.~J. and
	{David}, L.~P. and {Sarazin}, C.~L. and {Bautz}, M. and {Markevitch}, M. and
	{Vikhlinin}, A. and {Forman}, W.~R. and {Jones}, C. and {Harris}, D.~E.
	},
    title = "{Chandra X-Ray Observations of the Hydra A Cluster: An Interaction between the Radio Source and the X-Ray-emitting Gas}",
  journal = {\apjl},
     year = 2000,
    month = may,
   volume = 534,
    pages = {L135-L138},
      doi = {10.1086/312662},
   adsurl = {http://adsabs.harvard.edu/cgi-bin/nph-bib_query?bibcode=2000ApJ...534L.135M&db_key=AST},
  adsnote = {Provided by the Smithsonian/NASA Astrophysics Data System}
}

@ARTICLE{Blanton00,
   author = {{Blanton}, E.~L. and {Sarazin}, C.~L. and {McNamara}, B.~R. and
	{Wise}, M.~W.},
    title = "{Chandra Observation of the Radio Source/X-Ray Gas Interaction in the Cooling Flow Cluster Abell 2052}",
  journal = {\apjl},
     year = 2001,
    month = sep,
   volume = 558,
    pages = {L15-L18},
      doi = {10.1086/323269},
   adsurl = {http://adsabs.harvard.edu/cgi-bin/nph-bib_query?bibcode=2001ApJ...558L..15B&db_key=AST},
  adsnote = {Provided by the Smithsonian/NASA Astrophysics Data System}
}


@ARTICLE{Fabian05,
   author = {{Fabian}, A.~C. and {Sanders}, J.~S. and {Taylor}, G.~B. and
	{Allen}, S.~W.},
    title = "{A deep Chandra observation of the Centaurus cluster: bubbles, filaments and edges}",
  journal = {MNRAS},
     year = 2005,
    month = jun,
   volume = 360,
    pages = {L20-L24},
      doi = {10.1111/j.1745-3933.2005.00037.x},
   adsurl = {http://adsabs.harvard.edu/cgi-bin/nph-bib_query?bibcode=2005MNRAS.360L..20F&db_key=AST},
  adsnote = {Provided by the Smithsonian/NASA Astrophysics Data System}
}

@ARTICLE{Fabian03,
   author = {{Fabian}, A.~C. and {Sanders}, J.~S. and {Allen}, S.~W. and
	{Crawford}, C.~S. and {Iwasawa}, K. and {Johnstone}, R.~M. and
	{Schmidt}, R.~W. and {Taylor}, G.~B.},
    title = "{A deep Chandra observation of the Perseus cluster: shocks and ripples}",
  journal = {MNRAS},
     year = 2003,
    month = sep,
   volume = 344,
    pages = {L43-L47},
      doi = {10.1046/j.1365-8711.2003.06902.x},
   adsurl = {http://adsabs.harvard.edu/cgi-bin/nph-bib_query?bibcode=2003MNRAS.344L..43F&db_key=AST},
  adsnote = {Provided by the Smithsonian/NASA Astrophysics Data System}
}

%==========================
%Feedback models

@ARTICLE{Scannapieco05,
   author = {{Scannapieco}, E. and {Silk}, J. and {Bouwens}, R.},
    title = "{AGN Feedback Causes Downsizing}",
  journal = {\apjl},
     year = 2005,
    month = dec,
   volume = 635,
    pages = {L13-L16},
      doi = {10.1086/499271},
   adsurl = {http://adsabs.harvard.edu/cgi-bin/nph-bib_query?bibcode=2005ApJ...635L..13S&db_key=AST},
  adsnote = {Provided by the Smithsonian/NASA Astrophysics Data System}
}

@ARTICLE{Rawlings04,
   author = {{Rawlings}, S. and {Jarvis}, M.~J.},
    title = "{Evidence that powerful radio jets have a profound influence on the evolution of galaxies}",
  journal = {MNRAS},
     year = 2004,
    month = dec,
   volume = 355,
    pages = {L9-L12},
      doi = {10.1111/j.1365-2966.2004.08234.x},
   adsurl = {http://adsabs.harvard.edu/cgi-bin/nph-bib_query?bibcode=2004MNRAS.355L...9R&db_key=AST},
  adsnote = {Provided by the Smithsonian/NASA Astrophysics Data System}
}

%=========================
%Synchrotron emission

@BOOK{Pacholczyk70,
    author = {{Pacholczyk}, A.~G.},
    title = "{Radio astrophysics. Nonthermal processes in galactic and extragalactic sources}",
publisher = {Series of Books in Astronomy and Astrophysics, San Francisco: Freeman, 1970},
year = 1970,
   adsurl = {http://adsabs.harvard.edu/cgi-bin/nph-bib_query?bibcode=1970ranp.book.....P&db_key=AST},
  adsnote = {Provided by the Smithsonian/NASA Astrophysics Data System}
}

@ARTICLE{Kardashev62,
   author = {{Kardashev}, N.~S.},
    title = "{Nonstationarity of Spectra of Young Sources of Nonthermal Radio Emission}",
  journal = {Soviet Astronomy},
     year = 1962,
    month = dec,
   volume = 6,
    pages = {317-+},
   adsurl = {http://adsabs.harvard.edu/cgi-bin/nph-bib_query?bibcode=1962SvA.....6..317K&db_key=AST},
  adsnote = {Provided by the Smithsonian/NASA Astrophysics Data System}
}



%==========================

@ARTICLE{Ident1,
   author = {{Goto}, T. and {Sekiguchi}, M. and {Nichol}, R.~C. and {Bahcall}, N.~A. and
	{Kim}, R.~S.~J. and {Annis}, J. and {Ivezi{\' c}}, {\v Z}. and
	{Brinkmann}, J. and {Hennessy}, G.~S. and {Szokoly}, G.~P. and
	{Tucker}, D.~L.},
    title = "{The Cut-and-Enhance Method: Selecting Clusters of Galaxies from the Sloan Digital Sky Survey Commissioning Data}",
  journal = {\aj},
     year = 2002,
    month = apr,
   volume = 123,
    pages = {1807-1825},
   adsurl = {http://adsabs.harvard.edu/cgi-bin/nph-bib_query?bibcode=2002AJ....123.1807G&amp;db_key=AST},
  adsnote = {Provided by the NASA Astrophysics Data System}
}

@ARTICLE{Ident2,
   author = {{Crawford}, C.~S. and {Allen}, S.~W. and {Ebeling}, H. and {Edge}, A.~C. and
	{Fabian}, A.~C.},
    title = "{The ROSAT Brightest Cluster Sample - III. Optical spectra of the central cluster galaxies}",
  journal = {MNRAS},
     year = 1999,
    month = jul,
   volume = 306,
    pages = {857-896},
   adsurl = {http://adsabs.harvard.edu/cgi-bin/nph-bib_query?bibcode=1999MNRAS.306..857C&amp;db_key=AST},
  adsnote = {Provided by the NASA Astrophysics Data System}
}

@ARTICLE{Ident3,
   author = {{Crawford}, C.~S. and {Edge}, A.~C. and {Fabian}, A.~C. and
	{Allen}, S.~W. and {Bohringer}, H. and {Ebeling}, H. and {McMahon}, R.~G. and
	{Voges}, W.},
    title = "{Optical spectroscopy of the ROSAT X-ray brightest clusters - II}",
  journal = {MNRAS},
     year = 1995,
    month = may,
   volume = 274,
    pages = {75-84},
   adsurl = {http://adsabs.harvard.edu/cgi-bin/nph-bib_query?bibcode=1995MNRAS.274...75C&amp;db_key=AST},
  adsnote = {Provided by the NASA Astrophysics Data System}
}

@ARTICLE{Ident5,
   author = {{Owen}, F.~N. and {Ledlow}, M.~J. and {Keel}, W.~C.},
    title = "{Optical spectroscopy of radio galaxies in Abell clusters. 1: Redshifts and emission-line properties}",
  journal = {\aj},
     year = 1995,
    month = jan,
   volume = 109,
    pages = {14-25},
   adsurl = {http://adsabs.harvard.edu/cgi-bin/nph-bib_query?bibcode=1995AJ....109...14O&amp;db_key=AST},
  adsnote = {Provided by the NASA Astrophysics Data System}
}

@ARTICLE{Ident7,
   author = {{Drinkwater}, M.~J. and {Webster}, R.~L. and {Francis}, P.~J. and
	{Condon}, J.~J. and {Ellison}, S.~L. and {Jauncey}, D.~L. and
	{Lovell}, J. and {Peterson}, B.~A. and {Savage}, A.},
    title = "{The Parkes Half-Jansky Flat-Spectrum Sample}",
  journal = {MNRAS},
     year = 1997,
    month = jan,
   volume = 284,
    pages = {85-125},
   adsurl = {http://adsabs.harvard.edu/cgi-bin/nph-bib_query?bibcode=1997MNRAS.284...85D&amp;db_key=AST},
  adsnote = {Provided by the NASA Astrophysics Data System}
}

@ARTICLE{Ident8,
   author = {{Becker}, R.~H. and {White}, R.~L. and {Gregg}, M.~D. and {Laurent-Muehleisen}, S.~A. and
	{Brotherton}, M.~S. and {Impey}, C.~D. and {Chaffee}, F.~H. and
	{Richards}, G.~T. and {Helfand}, D.~J. and {Lacy}, M. and {Courbin}, F. and
	{Proctor}, D.~D.},
    title = "{The FIRST Bright Quasar Survey. III. The South Galactic Cap}",
  journal = {\apjs},
     year = 2001,
    month = aug,
   volume = 135,
    pages = {227-262},
   adsurl = {http://adsabs.harvard.edu/cgi-bin/nph-bib_query?bibcode=2001ApJS..135..227B&amp;db_key=AST},
  adsnote = {Provided by the NASA Astrophysics Data System}
}

@ARTICLE{Ident10,
   author = {{Hewitt}, A. and {Burbidge}, G.},
    title = "{An optical catalog of extragalactic emission-line objects similar to quasi-stellar objects}",
  journal = {\apjs},
     year = 1991,
    month = feb,
   volume = 75,
    pages = {297-356},
   adsurl = {http://adsabs.harvard.edu/cgi-bin/nph-bib_query?bibcode=1991ApJS...75..297H&amp;db_key=AST},
  adsnote = {Provided by the NASA Astrophysics Data System}
}

@ARTICLE{Ident11,
   author = {{Schneider}, D.~P. and {Fan}, X. and {Hall}, P.~B. and {Jester}, S. and
	{Richards}, G.~T. and {Stoughton}, C. and {Strauss}, M.~A. and
	{SubbaRao}, M. and {Vanden Berk}, D.~E. and {Anderson}, S.~F. and
	{Brandt}, W.~N. and {Gunn}, J.~E. and {Gray}, J. and {Trump}, J.~R. and
	{Voges}, W. and {Yanny}, B. and {Bahcall}, N.~A. and {Blanton}, M.~R. and
	{Boroski}, W.~N. and {Brinkmann}, J. and {Brunner}, R. and {Burles}, S. and
	{Castander}, F.~J. and {Doi}, M. and {Eisenstein}, D. and {Frieman}, J.~A. and
	{Fukugita}, M. and {Heckman}, T.~M. and {Hennessy}, G.~S. and
	{Ivezi{\' c}}, {\v Z}. and {Kent}, S. and {Knapp}, G.~R. and
	{Lamb}, D.~Q. and {Lee}, B.~C. and {Loveday}, J. and {Lupton}, R.~H. and
	{Margon}, B. and {Meiksin}, A. and {Munn}, J.~A. and {Newberg}, H.~J. and
	{Nichol}, R.~C. and {Niederste-Ostholt}, M. and {Pier}, J.~R. and
	{Richmond}, M.~W. and {Rockosi}, C.~M. and {Saxe}, D.~H. and
	{Schlegel}, D.~J. and {Szalay}, A.~S. and {Thakar}, A.~R. and
	{Uomoto}, A. and {York}, D.~G.},
    title = "{The Sloan Digital Sky Survey Quasar Catalog. II. First Data Release}",
  journal = {\aj},
     year = 2003,
    month = dec,
   volume = 126,
    pages = {2579-2593},
   adsurl = {http://adsabs.harvard.edu/cgi-bin/nph-bib_query?bibcode=2003AJ....126.2579S&amp;db_key=AST},
  adsnote = {Provided by the NASA Astrophysics Data System}
}

@ARTICLE{Ident12,
   author = {{Gladders}, M.~D. and {Yee}, H.~K.~C. and {Ellingson}, E.},
    title = "{Discovery of a z =0.77 Galaxy Cluster with Multiple, Bright, Strong-Lensing Arcs}",
  journal = {\aj},
     year = 2002,
    month = jan,
   volume = 123,
    pages = {1-9},
   adsurl = {http://adsabs.harvard.edu/cgi-bin/nph-bib_query?bibcode=2002AJ....123....1G&amp;db_key=AST},
  adsnote = {Provided by the NASA Astrophysics Data System}
}

@ARTICLE{Ident14,
   author = {{Dunlop}, J.~S. and {Peacock}, J.~A. and {Savage}, A. and {Lilly}, S.~J. and
	{Heasley}, J.~N. and {Simon}, A.~J.~B.},
    title = "{The Parkes Selected Regions - Deep optical and infrared observations of radio galaxies and quasars at high redshifts}",
  journal = {MNRAS},
     year = 1989,
    month = jun,
   volume = 238,
    pages = {1171-1231},
   adsurl = {http://adsabs.harvard.edu/cgi-bin/nph-bib_query?bibcode=1989MNRAS.238.1171D&amp;db_key=AST},
  adsnote = {Provided by the NASA Astrophysics Data System}
}

@ARTICLE{Ident15,
   author = {{Postman}, M. and {Lubin}, L.~M. and {Gunn}, J.~E. and {Oke}, J.~B. and
	{Hoessel}, J.~G. and {Schneider}, D.~P. and {Christensen}, J.~A.
	},
    title = "{The Palomar Distant Clusters Survey. I. The Cluster Catalog}",
  journal = {\aj},
     year = 1996,
    month = feb,
   volume = 111,
    pages = {615-+},
   adsurl = {http://adsabs.harvard.edu/cgi-bin/nph-bib_query?bibcode=1996AJ....111..615P&amp;db_key=AST},
  adsnote = {Provided by the NASA Astrophysics Data System}
}

@ARTICLE{Ident16,
   author = {{Junkkarinen}, V. and {Hewitt}, A. and {Burbidge}, G.},
    title = "{A catalog of absorption in the spectra of quasi-stellar objects}",
  journal = {\apjs},
     year = 1991,
    month = oct,
   volume = 77,
    pages = {203-254},
   adsurl = {http://adsabs.harvard.edu/cgi-bin/nph-bib_query?bibcode=1991ApJS...77..203J&amp;db_key=AST},
  adsnote = {Provided by the NASA Astrophysics Data System}
}

@ARTICLE{Ident18,
   author = {{Stanford}, S.~A. and {Stern}, D. and {van Breugel}, W. and
	{De Breuck}, C.},
    title = "{The FIRST Sample of Ultraluminous Infrared Galaxies at High Redshift. I. Sample and Near-Infrared Morphologies}",
  journal = {\apjs},
     year = 2000,
    month = nov,
   volume = 131,
    pages = {185-221},
   adsurl = {http://adsabs.harvard.edu/cgi-bin/nph-bib_query?bibcode=2000ApJS..131..185S&amp;db_key=AST},
  adsnote = {Provided by the NASA Astrophysics Data System}
}

@ARTICLE{Ident19,
   author = {{Huchra}, J.~P. and {Vogeley}, M.~S. and {Geller}, M.~J.},
    title = "{The CFA Redshift Survey: Data for the South Galactic CAP}",
  journal = {\apjs},
     year = 1999,
    month = apr,
   volume = 121,
    pages = {287-368},
   adsurl = {http://adsabs.harvard.edu/cgi-bin/nph-bib_query?bibcode=1999ApJS..121..287H&amp;db_key=AST},
  adsnote = {Provided by the NASA Astrophysics Data System}
}


%================

@ARTICLE{APM-survey,
   author = {{Maddox}, S.~J. and {Efstathiou}, G. and {Sutherland}, W.~J. and
	{Loveday}, J.},
    title = "{The APM galaxy survey. I - APM measurements and star-galaxy separation}",
  journal = {MNRAS},
     year = 1990,
    month = apr,
   volume = 243,
    pages = {692-712},
   adsurl = {http://adsabs.harvard.edu/cgi-bin/nph-bib_query?bibcode=1990MNRAS.243..692M&amp;db_key=AST},
  adsnote = {Provided by the NASA Astrophysics Data System}
}

@ARTICLE{Kassim93,
   author = {{Kassim}, N.~E. and {Perley}, R.~A. and {Erickson}, W.~C. and
	{Dwarakanath}, K.~S.},
    title = "{Subarcminute resolution imaging of radio sources at 74 MHz with the Very Large Array}",
  journal = {\aj},
     year = 1993,
    month = dec,
   volume = 106,
    pages = {2218-2228},
   adsurl = {http://adsabs.harvard.edu/cgi-bin/nph-bib_query?bibcode=1993AJ....106.2218K&db_key=AST},
  adsnote = {Provided by the NASA Astrophysics Data System}
}

%On the FRI/FRI physical reasons
@ARTICLE{Kaiser97,
   author = {{Kaiser}, C.~R. and {Alexander}, P.},
    title = "{A self-similar model for extragalactic radio sources}",
  journal = {MNRAS},
     year = 1997,
    month = mar,
   volume = 286,
    pages = {215-222},
   adsurl = {http://adsabs.harvard.edu/cgi-bin/nph-bib_query?bibcode=1997MNRAS.286..215K&db_key=AST},
  adsnote = {Provided by the NASA Astrophysics Data System}
}

@ARTICLE{Blundell99,
   author = {{Blundell}, K.~M. and {Rawlings}, S. and {Willott}, C.~J.},
    title = "{The Nature and Evolution of Classical Double Radio Sources from Complete Samples}",
  journal = {\aj},
     year = 1999,
    month = feb,
   volume = 117,
    pages = {677-706},
      doi = {10.1086/300721},
   adsurl = {http://adsabs.harvard.edu/cgi-bin/nph-bib_query?bibcode=1999AJ....117..677B&db_key=AST},
  adsnote = {Provided by the Smithsonian/NASA Astrophysics Data System}
}

@misc{Barai05,
  author = {Paramita Barai and Paul J Wiita},
  title = {Testing Models of the Individual and Cosmological Evolutions of Powerful  Radio Galaxies},
  url = {http://www.citebase.org/cgi-bin/citations?id=oai:arXiv.org:astro-ph/0510724},
  year = {2005}
}

%======================
%Cluter relics/halo

@INPROCEEDINGS{Jaffe92,
   author = {{Jaffe}, W.},
    title = "{Radio Studies of Clusters}",
booktitle = {NATO ASIC Proc. 366: Clusters and Superclusters of Galaxies},
     year = 1992,
    pages = {109-+},
   adsurl = {http://adsabs.harvard.edu/cgi-bin/nph-bib_query?bibcode=1992csg..conf..109J&db_key=AST},
  adsnote = {Provided by the NASA Astrophysics Data System}
}

@INPROCEEDINGS{Feretti96,
   author = {{Feretti}, L. and {Giovannini}, G.},
    title = "{Diffuse Cluster Radio Sources (Review)}",
booktitle = {IAU Symp. 175: Extragalactic Radio Sources},
     year = 1996,
    pages = {333-+},
   adsurl = {http://adsabs.harvard.edu/cgi-bin/nph-bib_query?bibcode=1996IAUS..175..333F&db_key=AST},
  adsnote = {Provided by the NASA Astrophysics Data System}
}

@INPROCEEDINGS{Feretti99,
   author = {{Feretti}, L.},
    title = "{Observational Results on Cluster Diffuse Emission}",
booktitle = {Diffuse Thermal and Relativistic Plasma in Galaxy Clusters},
     year = 1999,
    pages = {3-+},
   adsurl = {http://adsabs.harvard.edu/cgi-bin/nph-bib_query?bibcode=1999dtrp.conf....3F&db_key=AST},
  adsnote = {Provided by the NASA Astrophysics Data System}
}

@ARTICLE{Ensslin98,
   author = {{Ensslin}, T.~A. and {Biermann}, P.~L.},
    title = "{Limits on magnetic fields and relativistic electrons in the Coma cluster from multifrequency observations}",
  journal = {A\&A},
     year = 1998,
    month = feb,
   volume = 330,
    pages = {90-96},
   adsurl = {http://adsabs.harvard.edu/cgi-bin/nph-bib_query?bibcode=1998A%26A...330...90E&db_key=AST},
  adsnote = {Provided by the NASA Astrophysics Data System}
}

@ARTICLE{Giovannini99,
   author = {{Giovannini}, G. and {Tordi}, M. and {Feretti}, L.},
    title = "{Radio halo and relic candidates from the NRAO VLA Sky Survey}",
  journal = {New Astronomy},
     year = 1999,
    month = mar,
   volume = 4,
    pages = {141-155},
   adsurl = {http://adsabs.harvard.edu/cgi-bin/nph-bib_query?bibcode=1999NewA....4..141G&db_key=AST},
  adsnote = {Provided by the NASA Astrophysics Data System}
}

@ARTICLE{Tribble93,
   author = {{Tribble}, P.~C.},
    title = "{Radio haloes, cluster mergers, and cooling flows}",
  journal = {MNRAS},
     year = 1993,
    month = jul,
   volume = 263,
    pages = {31-36},
   adsurl = {http://adsabs.harvard.edu/cgi-bin/nph-bib_query?bibcode=1993MNRAS.263...31T&db_key=AST},
  adsnote = {Provided by the NASA Astrophysics Data System}
}

@INBOOK{Giovannini02,
    author = {{Giovannini}, G. and {Feretti}, L.},
    title = "{Diffuse Radio Sources and Cluster Mergers: Radio Halos and Relics}",
publisher = {ASSL Vol.~272: Merging Processes in Galaxy Clusters},
year = 2002,
    month = jun,
    pages = {197-227},
   adsurl = {http://adsabs.harvard.edu/cgi-bin/nph-bib_query?bibcode=2002mpgc.book..197G&db_key=AST},
  adsnote = {Provided by the NASA Astrophysics Data System}
}
