@article{casanova:hal-01017319,
  title = {{Simulation of Distributed App.}},
  author = {Casanova, Henri and Giersch, Arnaud and Legrand, Arnaud and Quinson, Martin and Suter, Fr{\'e}d{\'e}ric},
  journal = {J. Parallel Distrib. Comput.},
  %note = {\href{https://hal.inria.fr/hal-01017319v2}{paper link}},
  year = {2014},
}

@article{velho2013validity,
  title={{TCP Network Models for Grid Simulations}},
  author={Velho, Pedro and Schnorr, Lucas Mello and Casanova, Henri and Legrand, Arnaud},
  journal={ACM TOMACS},
  year={2013},
  note = {\href{https://hal.inria.fr/hal-00872476/document}{hal-00872476}},
  publisher={ACM}
}

@article{smpi,
  author =       {Degomme, Augustin and Legrand, Arnaud and Markomanolis, George and Quinson, Martin and Stillwell, Mark and Suter, Fr\'ed\'eric},
  title = {{Simulating MPI applications}},
  journal =      {IEEE T PARALL DISTR},
  year =         2017,
  note = {\href{https://hal.inria.fr/hal-01415484v2/document}{al-01415484v2}},
}
