@inproceedings{wang:hal-01338706,
  TITLE = {\textcolor{red}{Bayesian 3D X-ray computed tomography image reconstruction with a scaled Gaussian mixture prior model}},
  AUTHOR = {Wang, Li and Gac, Nicolas and Mohammad-Djafari, Ali},
  URL = {https://hal-centralesupelec.archives-ouvertes.fr/hal-01338706},
  BOOKTITLE = {{34th International Workshop on Bayesian Inference and Maximun Entropy Methods in Science and Engineering (MaxEnt'14)}},
  ADDRESS = {Amboise, France},
  VOLUME = {1641},
  PAGES = {556-563},
  YEAR = {2014},
  MONTH = Sep,
  DOI = {10.1063/1.4906022},
  PDF = {https://hal-centralesupelec.archives-ouvertes.fr/hal-01338706/file/54_paper.pdf},
  HAL_ID = {hal-01338706},
  HAL_VERSION = {v1},
}

@inproceedings{chen:hal-00843508,
  TITLE = {\textcolor{red}{{A penalized weighted least-squares image reconstruction based on scatter correction methods for X-ray CT}},
  AUTHOR = {Chen, Long and Rodet, Thomas and Gac, Nicolas},
  URL = {https://hal.archives-ouvertes.fr/hal-00843508},
  BOOKTITLE = {{2013 IEEE Nuclear Science Symposium and Medical Imaging Conference}},
  ADDRESS = {Seoul, South Korea},
  PAGES = {2},
  YEAR = {2013},
  MONTH = Oct,
  KEYWORDS = {X-ray tomography ; scatter correction ; metal artifact reduction ; penalized weighted least-squares},
  PDF = {https://hal.archives-ouvertes.fr/hal-00843508/file/mic2013CR.pdf},
  HAL_ID = {hal-00843508},
  HAL_VERSION = {v1},
}

@inproceedings{gac:hal-00175732,
  TITLE = {\textcolor{red}{{Algorithm Architecture Adequacy for High Speed 3D Tomography}}},
  AUTHOR = {Gac, Nicolas and Mancini, St{\'e}phane and Desvignes, Michel and Houzet, Dominique},
  URL = {https://hal.archives-ouvertes.fr/hal-00175732},
  BOOKTITLE = {{Workshop on Design and Architectures for Signal and Image Processing (DASIP)}},
  ADDRESS = {Grenoble, France},
  HAL_LOCAL_REFERENCE = {D{\'e}partement Images et Signal},
  YEAR = {2007},
  MONTH = Nov,
  KEYWORDS = {Positron Emission Tomography ; Backprojection ; FPGA},
  PDF = {https://hal.archives-ouvertes.fr/hal-00175732/file/DASIP.pdf},
  HAL_ID = {hal-00175732},
  HAL_VERSION = {v1},
}

@phdthesis{gac:tel-00330365,
  TITLE = {\textcolor{red}{{Algorithm Architecture Adequacy for 3D PET reconstruction}}},
  AUTHOR = {Gac, Nicolas},
  URL = {https://tel.archives-ouvertes.fr/tel-00330365},
  NOTE = {GPIG - D{\'e}partement Images et Signal (DIS) - Equipe GPIG - Groupe Ad{\'e}quation Algorithme Architecture},
  HAL_LOCAL_REFERENCE = {D{\'e}partement Images et Signal},
  SCHOOL = {{Institut National Polytechnique de Grenoble - INPG}},
  YEAR = {2008},
  MONTH = Jul,
  KEYWORDS = {medical imaging ; Positron Emission Tomography ; PET ; inverse problem ; iterative reconstruction ; backprojection ; architecture design ; computer architecture ; hardware acceleration ; parallelism ; cache memory ; imagerie m{\'e}dicale ; Tomographie {\`a} Emission de Positons ; TEP ; probl{\`e}me inverse ; reconstruction it{\'e}rative ; r{\'e}troprojection ; Ad{\'e}quation Algorithme Architecture ; acc{\'e}l{\'e}ration mat{\'e}rielle ; parall{\'e}lisme ; FPGA ; SoPC ; GPU ; prefetching ; cache m{\'e}moire},
  TYPE = {Theses},
  PDF = {https://tel.archives-ouvertes.fr/tel-00330365/file/Manuscrit_these_INPG_juillet_2008_Nicolas_GAC.pdf},
  HAL_ID = {tel-00330365},
  HAL_VERSION = {v1},
}

@inproceedings{gac:hal-00232621,
  TITLE = {\textcolor{red}{{A Hardware Projector/Backprojector Pair for 3D PET Reconstruction}}},
  AUTHOR = {Gac, Nicolas and Mancini, St{\'e}phane and Desvignes, Michel and De Boissieu, Florian and Reilhac, Anthonin},
  URL = {https://hal.archives-ouvertes.fr/hal-00232621},
  BOOKTITLE = {{SPIE Medical Imaging}},
  ADDRESS = {San Diego, United States},
  HAL_LOCAL_REFERENCE = {D{\'e}partement Images et Signal},
  PUBLISHER = {{SPIE}},
  SERIES = {Physics of Medical Imaging; },
  VOLUME = {6913},
  PAGES = {69132O},
  YEAR = {2008},
  MONTH = Feb,
  DOI = {10.1117/12.770588},
  KEYWORDS = {Positron Emission Tomography ; Iterative reconstruction ; Backprojection ; Projection ; FPGA},
  PDF = {https://hal.archives-ouvertes.fr/hal-00232621/file/SPIE_MEDICAL_IMAGING_6913-95_GAC.pdf},
  HAL_ID = {hal-00232621},
  HAL_VERSION = {v1},
}

@inproceedings{vacher:hal-01092602,
  TITLE = {\textcolor{red}{{Detection and Speech/Sound Segmentation in a Smart Room Environment}}},
  AUTHOR = {Vacher, Michel and Istrate, Dan and Serignat, Jean-Fran{\c c}ois and Gac, Nicolas},
  URL = {https://hal.archives-ouvertes.fr/hal-01092602},
  BOOKTITLE = {{Trends in Speech Technology, The 3rd International Conference on Speech Technology and Human-Computer Dialogue, IEEE, SpeD2005}},
  ADDRESS = {Cluj, Romania},
  YEAR = {2005},
  MONTH = May,
  KEYWORDS = {Smart Room ; Segmentation ; Noise ; Gaussian Mixture Model ; Wavelet Transform ; Sound Classification},
  PDF = {https://hal.archives-ouvertes.fr/hal-01092602/file/2005_SpeD_Vacher.pdf},
  HAL_ID = {hal-01092602},
  HAL_VERSION = {v1},
}

@article{chu:hal-00794236,
  TITLE = {\textcolor{red}{{A robust super-resolution approach with sparsity constraint in acoustic imaging}}},
  AUTHOR = {Chu, Ning and Picheral, Jos{\'e} and Mohammad-Djafari, Ali and Gac, Nicolas},
  URL = {https://hal.archives-ouvertes.fr/hal-00794236},
  JOURNAL = {{Applied Acoustics}},
  PUBLISHER = {{Elsevier}},
  VOLUME = {76},
  PAGES = {197-208},
  YEAR = {2014},
  MONTH = Feb,
  DOI = {10.1016/j.apacoust.2013.08.007},
  KEYWORDS = {robust super-resolution ; sparsity constraint ; acoustic imaging ; Localization ; parameter estimation},
  PDF = {https://hal.archives-ouvertes.fr/hal-00794236/file/AA_CHU_multipath_two_col.pdf},
  HAL_ID = {hal-00794236},
  HAL_VERSION = {v8},
}

@book{acero:hal-01686223,
  TITLE = {\textcolor{red}{{French SKA White Book - The French Community towards the Square Kilometre Array}}},
  AUTHOR = {Acero, F. and Acquaviva, J. -T. and Adam, R. and Aghanim, N. and Allen, M. David and Alves, M. and Ammanouil, R. and Ansari, R. and Araudo, A. and Armengaud, E. and Ascaso, B. and Athanassaoula, E. and Aubert, D. and Babak, S. and Bacmann, A. and Banday, A. and Barriere, K. and Bellossi, F. and Bernard, J. -P. and Bernardini, M. G. and Bethermin, M. and Blanc, E. and Blanchet, L. and Bobin, J. and Boissier, S. and Boisson, C. and Boselli, A. and Bosma, A. and Bosse, S. and Bottinelli, S. and Boulanger, F. and Boyer, R. and Bracco, A. and Briand, C. and Bucher, M. and Buat, V. and Cambresy, L. and Caillat, M. and Casandjian, J. -M. and Caux, E. and Celestin, S. and Cerruti, M. and Charlot, P. and Chassande-Mottin, E. and Chaty, S. and Christensen, N. and Ciesla, L. and Clerc, N. and COHEN-TANUGI, J. and Cognard, Isma{\"e}l and Combes, F. and Comis, B. and Corbel, S. and Cordier, B. and Coriat, M. and Courtin, R. and Courtois, H. and Da Silva, B. and Daddi, E. and Dallier, Richard and Dartois, E. and Demyk, K. and Denis, J. -M. and Denis, L. and Djannati-Atai, A. and Donati, J. -F. and Douspis, M. and Van Driel, W. and Korso, M. N. El and Falgarone, E. and Fantina, A.F. and Farges, T. and Ferrari, A. and Ferrari, C. and Ferri{\`e}re, K. and Flamary, R. and Gac, N. and Gauffre, S. and Genova, F. and Girard, J. and Grenier, I. and Griessmeier, J. -M. and Guillard, P. and Guillemot, Lucas and Gulminelli, F. and Gusdorf, A. and Habart, E. and Hammer, F. and Hennebelle, P. and Herpin, Fabrice and Hervet, O. and Hughes, A. and Ilbert, O. and Janvier, M. and Josselin, E. and Julier, A. and Lachaud, C. and Lagache, Guilaine and Lallement, R. and Lambert, S. and Lamy, L. and Larzabal, P. and Lavaux, G. and Bertre, T. Le and F{\`e}vre, O. Le and Tiec, A. Le and Lefloch, B. and Lehnert, M. and Lemoine-Goumard, M. and Levrier, F. and Limousin, M. and Lis, D. and L{\'o}pez-Sepulcre, A. and Mac{\'i}as-P{\'e}rez, J. and Magneville, C. and Marcowith, A. and Margueron, J. and Marquette, G. and Marshall, D. and Martin, L. and Mary, D. and Masson, S. and Maurogordato, S. and Mazauric, C. and Mellier, Y. and Miville-Desch{\^e}nes, M. -A. and Montier, L. and Mottez, F. and Mourard, D. and Nesvadba, N. and Nezan, J. -F. and Noterdaeme, P. and Novak, J. and Ocvirk, P. and Oertel, M. and Olive, X. and Ollier, V. and Palanque-Delabrouille, N. and Pandey-Pommier, M. and Pennec, Y. and Perault, M. and Peroux, C. and Petit, P. and Petri, J. and Petiteau, A. and Pety, J. and Pratt, G. W. and Puech, M. and Quertier, Benjamin and Raffin, E. and Harison, S. Rakotozafy and Rawson, S. and Renaud, M. and Revenu, Beno{\^i}t and Richard, C. and Richard, J. and Rincon, F. and Ristorcelli, I. and Rodriguez, J. and Schultheis, M. and Schimd, C. and Semelin, B. and Sol, H. and Starck, J. -L. and Tagger, Michel and Tasse, C. and Theureau, Gilles and Torchinsky, S. and Vastel, C. and Vergani, S. D. and Verstraete, L. and Vigouroux, X. and Vilmer, N. and Vilotte, J. -P. and Webb, N. and Ysard, N. and Zarka, Philippe and Langer, Mathieu},
  URL = {https://hal.archives-ouvertes.fr/hal-01686223},
  NOTE = {Editor in chief: C. Ferrari; Editors: M. Alves, S. Bosse, S. Corbel, A. Ferrari, K. Ferri\`ere, S. Gauffre, E. Josselin, G. Lagache, S. Lambert, G. Marquette, J.-M. Martin, M.-A. Miville-Desch\^enes, L. Montier, B. Semelin, G. Theureau, S. Vergani, N. Vilmer, P. Zarka; Original file with high resolution figures at SKA-France link: https://ska-france.oca.eu/images/SKA-France-Media/FWB\_051017.pdf},
  HAL_LOCAL_REFERENCE = {LPSC17055},
  YEAR = {2018},
  PDF = {https://hal.archives-ouvertes.fr/hal-01686223/file/1712.06950.pdf},
  HAL_ID = {hal-01686223},
  HAL_VERSION = {v1},
}

@inproceedings{boulay:hal-00617103,
  TITLE = {\textcolor{red}{{Algorithmes de Reconnaissance Non Coop{\'e}rative de Cibles et impl{\'e}mentation sur GPU}}},
  AUTHOR = {Boulay, Thomas and Gac, Nicolas and Mohammad-Djafari, Ali and Lagoutte, Julien},
  URL = {https://hal.archives-ouvertes.fr/hal-00617103},
  BOOKTITLE = {{GRETSI}},
  ADDRESS = {Bordeaux, France},
  PAGES = {ID146},
  YEAR = {2011},
  MONTH = Sep,
  PDF = {https://hal.archives-ouvertes.fr/hal-00617103/file/gretsi2011_versionFinale2.pdf},
  HAL_ID = {hal-00617103},
  HAL_VERSION = {v1},
}

@inproceedings{gac:hal-00504759,
  TITLE = {\textcolor{red}{{Parall{\'e}lisation sur GPU d'un algorithme de reconstruction 3D bay{\'e}sien en tomographie X.}}},
  AUTHOR = {Gac, Nicolas and Vabre, Alexandre and Mohammad-Djafari, Ali and Buyens, Fanny and Legoupil, Samuel},
  URL = {https://hal.archives-ouvertes.fr/hal-00504759},
  BOOKTITLE = {{D{\'e}veloppement d'applications de calcul intensif sur carte graphique pour l'imagerie mol{\'e}culaire}},
  ADDRESS = {Obernai, France},
  YEAR = {2009},
  MONTH = May,
  KEYWORDS = {Iterative 3D reconstruction ; Bayesian estimation ; GPU implementation ; Computed Tomograhy (CT)},
  PDF = {https://hal.archives-ouvertes.fr/hal-00504759/file/GPU_Workshop_Obernai_mai_2009.pdf},
  HAL_ID = {hal-00504759},
  HAL_VERSION = {v1},
}

@inproceedings{gac:hal-00616941,
  TITLE = {\textcolor{red}{{Acc{\'e}l{\'e}ration sur serveur multi-GPUs de la reconstruction 3D d'une mousse de nickel par m{\'e}thodes it{\'e}ratives alg{\'e}briques r{\'e}gularis{\'e}es}}},
  AUTHOR = {Gac, Nicolas and Vabre, Alexandre and Mohammad-Djafari, Ali and Buyens, Fanny},
  URL = {https://hal.archives-ouvertes.fr/hal-00616941},
  NOTE = {4 pages},
  BOOKTITLE = {{23{\`e}me colloque GRETSI sur le traitement du signal et des images}},
  ADDRESS = {Bordeaux, France},
  PAGES = {id455},
  YEAR = {2011},
  MONTH = Sep,
  KEYWORDS = {Probleme inverse ; tomographie {\`a} Rayon X ; GPU ; calcul parall{\`e}le ; Contr{\^o}le Non Destructif (CND) ; algorithmes bay{\'e}siens},
  PDF = {https://hal.archives-ouvertes.fr/hal-00616941/file/TomoX.pdf},
  HAL_ID = {hal-00616941},
  HAL_VERSION = {v1},
}

@inproceedings{gac:hal-00504740,
  TITLE = {\textcolor{red}{{GPU implementation of a 3D bayesian CT algorithm and its application on real foam reconstruction}}},
  AUTHOR = {Gac, Nicolas and Vabre, Alexandre and Mohammad-Djafari, Ali and Rabanal, Asier and Buyens, Fanny},
  URL = {https://hal.archives-ouvertes.fr/hal-00504740},
  NOTE = {5 pages},
  BOOKTITLE = {{The First International Conference on Image Formation in X-Ray Computed Tomography}},
  ADDRESS = {Salt Lake City, United States},
  VOLUME = {http://www.ucair.med.utah.edu/CTmeeting/ProceedingsCTMeeting2010.pdf},
  PAGES = {151-155},
  YEAR = {2010},
  MONTH = Jun,
  KEYWORDS = {Computed Tomograhy (CT) ; Iterative 3D reconstruction ; Bayesian estimation ; GPU implementation},
  PDF = {https://hal.archives-ouvertes.fr/hal-00504740/file/LSS-CEA_GPU_BAYESIAN_RECONSTRUCTION.pdf},
  HAL_ID = {hal-00504740},
  HAL_VERSION = {v2},
}

@inproceedings{gac:hal-00658653,
  TITLE = {\textcolor{red}{{Multi GPU parallelization of 3D bayesian CT algorithm and its application on real foam reonconstruction with incomplete data set}}},
  AUTHOR = {Gac, Nicolas and Vabre, Alexandre and Mohammad-Djafari, Ali},
  URL = {https://hal.archives-ouvertes.fr/hal-00658653},
  BOOKTITLE = {{Forum on recent developments in Volume Reconstruction techniques applied to 3D fluid and solid mechanics}},
  ADDRESS = {Poitiers, France},
  PAGES = {35-38},
  YEAR = {2011},
  MONTH = Nov,
  PDF = {https://hal.archives-ouvertes.fr/hal-00658653/file/GAC_Multi-GPU_parallelization_3D_reconstruction_FVR_2011.pdf},
  HAL_ID = {hal-00658653},
  HAL_VERSION = {v1},
}

@inproceedings{chu:hal-01103819,
  TITLE = {\textcolor{red}{{Convolution Models with Shift-invariant kernel based on Matlab-GPU platform for Fast Acoustic Imaging}}},
  AUTHOR = {Chu, Ning and Gac, Nicolas and Picheral, Jos{\'e} and Mohammad-Djafari, Ali},
  URL = {https://hal-supelec.archives-ouvertes.fr/hal-01103819},
  BOOKTITLE = {{ISAV 2014}},
  ADDRESS = {Tehran, Iran},
  NUMBER = {4185-4192},
  YEAR = {2014},
  MONTH = Dec,
  KEYWORDS = {GPU ; Deconvolution ; acoustic imaging ; Source localization},
  PDF = {https://hal-supelec.archives-ouvertes.fr/hal-01103819/file/ISAV2014.pdf},
  HAL_ID = {hal-01103819},
  HAL_VERSION = {v1},
}

@inproceedings{chu:hal-01103751,
  TITLE = {\textcolor{red}{{A variational Bayesian approximation approach via a sparsity enforcing prior in acoustic imaging}}},
  AUTHOR = {Chu, Ning and Mohammad-Djafari, Ali and Gac, Nicolas and Picheral, Jos{\'e}},
  URL = {https://hal-supelec.archives-ouvertes.fr/hal-01103751},
  BOOKTITLE = {{WIO 2014}},
  ADDRESS = {Neuch{\^a}tel, Switzerland},
  PAGES = {1 - 4},
  YEAR = {2014},
  MONTH = Jul,
  DOI = {10.1109/WIO.2014.6933297},
  KEYWORDS = {Variational Bayesian Approximation ; Acoustic imaging ; non-Gaussian noises ; Student's-t prior},
  PDF = {https://hal-supelec.archives-ouvertes.fr/hal-01103751/file/WIO2014.pdf},
  HAL_ID = {hal-01103751},
  HAL_VERSION = {v1},
}

@inproceedings{schwander:hal-01103779,
  TITLE = {\textcolor{red}{{Aero-acoustics source separation with sparsity inducing priors in the frequency domain}}},
  AUTHOR = {Schwander, Olivier and Picheral, Jos{\'e} and Gac, Nicolas and Djafari, Ali-Mohammad and Blacodon, Daniel},
  URL = {https://hal-supelec.archives-ouvertes.fr/hal-01103779},
  BOOKTITLE = {{34th International Workshop on Bayesian Inference and Maximun Entropy Methods in Science and Engineering (MaxEnt'14)}},
  ADDRESS = {Amboise, France},
  VOLUME = {1641},
  PAGES = {422 - 431},
  YEAR = {2014},
  MONTH = Sep,
  DOI = {10.1063/1.4906006},
  KEYWORDS = {Windtunnel ; Auto-regressive prior ; Bayesian Source Separation ; Joint Maximum A Posteriori (JMAP) ; Sparsity},
  PDF = {https://hal-supelec.archives-ouvertes.fr/hal-01103779/file/maxent2014.pdf},
  HAL_ID = {hal-01103779},
  HAL_VERSION = {v1},
}

@inproceedings{chu:hal-01103784,
  TITLE = {\textcolor{red}{{A hierarchical variational Bayesian approximation approach in acoustic imaging}}},
  AUTHOR = {Chu, Ning and Mohammad-Djafari, Ali and Gac, Nicolas and Picheral, Jos{\'e}},
  URL = {https://hal-supelec.archives-ouvertes.fr/hal-01103784},
  BOOKTITLE = {{34th International Workshop on Bayesian Inference and Maximun Entropy Methods in Science and Engineering (MaxEnt'14)}},
  ADDRESS = {Amboise, France},
  EDITOR = {AIP Conference Proceedings},
  VOLUME = {1641},
  PAGES = {572 - 579},
  YEAR = {2014},
  MONTH = Sep,
  DOI = {10.1063/1.4906024},
  KEYWORDS = {Student-t prior ; Variational Bayesian Approximation ; Non-Gaussian noise ; Acoustic imaging},
  PDF = {https://hal-supelec.archives-ouvertes.fr/hal-01103784/file/Maxent2014-CHU.pdf},
  HAL_ID = {hal-01103784},
  HAL_VERSION = {v1},
}

@inproceedings{chu:hal-00865786,
  TITLE = {\textcolor{red}{{An efficient variational Bayesian inference approach via Studient's-t priors for acoustic imaging in colored noises}}},
  AUTHOR = {Chu, Ning and Mohammad-Djafari, Ali and Picheral, Jos{\'e} and Gac, Nicolas},
  URL = {https://hal-supelec.archives-ouvertes.fr/hal-00865786},
  BOOKTITLE = {{POMA - ICA 2013}},
  ADDRESS = {Montreal, Canada},
  VOLUME = {19},
  PAGES = {055031 (9pages)},
  YEAR = {2013},
  MONTH = Jun,
  PDF = {https://hal-supelec.archives-ouvertes.fr/hal-00865786/file/ICA2013.pdf},
  HAL_ID = {hal-00865786},
  HAL_VERSION = {v2},
}

@inproceedings{gac:hal-00102903,
  TITLE = {\textcolor{red}{{Hardware/software 2D-3D backprojection on a SoPC platform}}},
  AUTHOR = {Gac, Nicolas and Mancini, St{\'e}phane and Desvignes, Michel},
  URL = {https://hal.archives-ouvertes.fr/hal-00102903},
  BOOKTITLE = {{ACM Symposium on Applied Computing}},
  ADDRESS = {Dijon, France},
  PUBLISHER = {{ISBN:1-59593-108-2}},
  PAGES = {222 - 228},
  YEAR = {2006},
  MONTH = Apr,
  HAL_ID = {hal-00102903},
  HAL_VERSION = {v1},
}

@inproceedings{mancini:hal-00102907,
  TITLE = {\textcolor{red}{{R{\'e}troprojection 2D sur plateforme SOPC}}},
  AUTHOR = {Mancini, St{\'e}phane and Gac, Nicolas and Desvignes, Michel},
  URL = {https://hal.archives-ouvertes.fr/hal-00102907},
  BOOKTITLE = {{GRETSI'05}},
  ADDRESS = {Belgium},
  PAGES = {783-786},
  YEAR = {2005},
  MONTH = Sep,
  HAL_ID = {hal-00102907},
  HAL_VERSION = {v1},
}

@inproceedings{mancini:hal-00102911,
  TITLE = {\textcolor{red}{{2D backprojection on a SOPC platform : first results}}},
  AUTHOR = {Mancini, St{\'e}phane and Gac, Nicolas and Desvignes, Michel},
  URL = {https://hal.archives-ouvertes.fr/hal-00102911},
  BOOKTITLE = {{13 {\`e}me Forum Recherche en G{\'e}nie Biologique et M{\'e}dica}},
  ADDRESS = {Nancy, France},
  YEAR = {2005},
  HAL_ID = {hal-00102911},
  HAL_VERSION = {v1},
}

@inproceedings{mancini:hal-00102913,
  TITLE = {\textcolor{red}{{Etude d'un cache 2D adaptatif et pr{\'e}dictif pour le traitement d'image}}},
  AUTHOR = {Mancini, St{\'e}phane and Gac, Nicolas and Desvignes, Michel},
  URL = {https://hal.archives-ouvertes.fr/hal-00102913},
  BOOKTITLE = {{Journ{\'e}es Francophones en Ad{\'e}quation Algorithme Architecture}},
  ADDRESS = {Dijon, France},
  PAGES = {JFAAA 2005},
  YEAR = {2005},
  MONTH = Jan,
  HAL_ID = {hal-00102913},
  HAL_VERSION = {v1},
}

@inproceedings{boulay:hal-00931023,
  TITLE = {\textcolor{red}{{High-Dimensional Range Profile Geometrical Visualization and Performance Estimation of Radar Target Classification via a Gaussian Mixture Model}}},
  AUTHOR = {Boulay, Thomas and Mohammad-Djafari, Ali and Gac, Nicolas and Lagoutte, Julien},
  URL = {https://hal.archives-ouvertes.fr/hal-00931023},
  BOOKTITLE = {{Geometric Science of Information}},
  ADDRESS = {Paris, France},
  VOLUME = {Part XXIII},
  PAGES = {829-836},
  YEAR = {2013},
  MONTH = Aug,
  DOI = {10.1007/978-3-642-40020-9\_93},
  PDF = {https://hal.archives-ouvertes.fr/hal-00931023/file/gsi2013_final.pdf},
  HAL_ID = {hal-00931023},
  HAL_VERSION = {v1},
}

@inproceedings{mohammaddjafari:hal-01403787,
  TITLE = {\textcolor{red}{{A Student-t based sparsity enforcing hierarchical prior for linear inverse problems and its efficient Bayesian computation for 2D and 3D Computed Tomography}}},
  AUTHOR = {Mohammad-Djafari, Ali and Wang, Li and Gac, Nicolas and BLEICHRODT, Folkert},
  URL = {https://hal.archives-ouvertes.fr/hal-01403787},
  BOOKTITLE = {{International traveling workshop on interactions between sparse models and technology}},
  ADDRESS = {AALBORG, Denmark},
  SERIES = {proceedings of itwist },
  YEAR = {2016},
  MONTH = Aug,
  PDF = {https://hal.archives-ouvertes.fr/hal-01403787/file/itwist.pdf},
  HAL_ID = {hal-01403787},
  HAL_VERSION = {v1},
}

@inproceedings{chapdelaine:hal-01588443,
  TITLE = {\textcolor{red}{{A joint segmentation and reconstruction algorithm for 3D Bayesian Computed Tomography using Gaus-Markov-Potts Prior Model}}},
  AUTHOR = {Chapdelaine, Camille and Mohammad-Djafari, Ali and Gac, Nicolas and Parra-Denis, Estelle},
  URL = {https://hal.archives-ouvertes.fr/hal-01588443},
  BOOKTITLE = {{The 42nd IEEE International Conference on Acoustics, Speech and Signal Processing (ICASSP 2017)}},
  ADDRESS = {New Orleans, United States},
  YEAR = {2017},
  MONTH = Mar,
  PDF = {https://hal.archives-ouvertes.fr/hal-01588443/file/ICASSP2017Chapdelaine.pdf},
  HAL_ID = {hal-01588443},
  HAL_VERSION = {v1},
}

@inproceedings{shatalina:hal-00930996,
  TITLE = {\textcolor{red}{{Analytical model and spectral correction of vibration effects on Fourier transform spectrometer}}},
  AUTHOR = {Shatalina, I. and Schmidt, Frederic and Saggin, B. and Gac, Nicolas and Kowalski, M. and Giuranna, M.},
  URL = {https://hal.archives-ouvertes.fr/hal-00930996},
  BOOKTITLE = {{SPIE Remote sensing 2013}},
  ADDRESS = {Dresden, Germany},
  SERIES = {Remote Sensing of Clouds and the Atmosphere XVIII; and Optics in Atmospheric Propagation and Adaptive Systems XVI},
  VOLUME = {8890},
  PAGES = {88900S-88900S-9},
  YEAR = {2013},
  MONTH = Sep,
  DOI = {10.1117/12.2028632},
  PDF = {https://hal.archives-ouvertes.fr/hal-00930996/file/SPIE_FTS_manuscript_003.pdf},
  HAL_ID = {hal-00930996},
  HAL_VERSION = {v1},
}

@inproceedings{wang:hal-01403790,
  TITLE = {\textcolor{red}{{Bayesian X-ray Computed Tomography using a Three-level Hierarchical Prior Model}}},
  AUTHOR = {Wang, Li and Mohammad-Djafari, Ali and Gac, Nicolas},
  URL = {https://hal.archives-ouvertes.fr/hal-01403790},
  BOOKTITLE = {{AIP Conference, Bayesian inference and maximum entropy methods in science and engineering (Maxent 2016)}},
  ADDRESS = {Gent, Belgium},
  YEAR = {2016},
  MONTH = Jul,
  DOI = {10.1063/1.4985361 },
  PDF = {https://hal.archives-ouvertes.fr/hal-01403790/file/Paper_MaxEnt2016_LiWang_revised2.pdf},
  HAL_ID = {hal-01403790},
  HAL_VERSION = {v1},
}

@inproceedings{boulay:hal-00778560,
  TITLE = {\textcolor{red}{{A Fuzzy-Logic based non cooperative target recognition}}},
  AUTHOR = {Boulay, Thomas and Lagoutte, Julien and Mohammad-Djafari, Ali and Gac, Nicolas},
  URL = {https://hal.archives-ouvertes.fr/hal-00778560},
  BOOKTITLE = {{Signal Image Technology and Internet Based Systems 2012}},
  ADDRESS = {Naples, Italy},
  PAGES = {410-145},
  YEAR = {2012},
  MONTH = Nov,
  DOI = {10.1109/SITIS.2012.66},
  KEYWORDS = {NCTR ; KNN ; HRR ; RADAR ; CLASSIFICATION ; RECOGNITION ; FUZZY-LOGIC},
  PDF = {https://hal.archives-ouvertes.fr/hal-00778560/file/AFuzzyLogicbasednoncooperativetargetrecognition.pdf},
  HAL_ID = {hal-00778560},
  HAL_VERSION = {v1},
}

@article{schmidt:hal-01102830,
  TITLE = {\textcolor{red}{{Toward a numerical deshaker for PFS}}},
  AUTHOR = {Schmidt, Fr{\'e}d{\'e}ric and Shatalina, Irina and Kowalski, Matthieu and Gac, Nicolas and Saggin, Bortolino and Giuranna, B},
  URL = {https://hal.archives-ouvertes.fr/hal-01102830},
  JOURNAL = {{Planetary and Space Science}},
  PUBLISHER = {{Elsevier}},
  VOLUME = {91},
  PAGES = {45 - 51},
  YEAR = {2014},
  DOI = {10.1016/j.pss.2013.11.012},
  KEYWORDS = {Blind Inverse problem ; Spectroscopy ; Calibration ; Fourier Transform Spectrometer ; Micro-vibration ; PFS},
  PDF = {https://hal.archives-ouvertes.fr/hal-01102830/file/CalibrationPFS_2_v7.pdf},
  HAL_ID = {hal-01102830},
  HAL_VERSION = {v1},
}

@inproceedings{chu:hal-01083451,
  TITLE = {\textcolor{red}{{2D convolution model using (in)variant kernels for fast acoustic imaging}}},
  AUTHOR = {Chu, Ning and Gac, Nicolas and Picheral, Jos{\'e} and Mohammad-Djafari, Ali},
  URL = {https://hal-supelec.archives-ouvertes.fr/hal-01083451},
  BOOKTITLE = {{5 th Berlin Beamforming Conference 2014}},
  ADDRESS = {Berlin, Germany},
  PAGES = {15 pages},
  YEAR = {2014},
  MONTH = Feb,
  PDF = {https://hal-supelec.archives-ouvertes.fr/hal-01083451/file/BeBeC2014.pdf},
  HAL_ID = {hal-01083451},
  HAL_VERSION = {v1},
}

@article{gac:hal-00367321,
  TITLE = {\textcolor{red}{{High Speed 3D Tomography on CPU, GPU, and FPGA}}},
  AUTHOR = {Gac, Nicolas and Mancini, St{\'e}phane and Desvignes, Michel and Houzet, Dominique},
  URL = {https://hal.archives-ouvertes.fr/hal-00367321},
  NOTE = {12 pages; 50% d'acceptation},
  JOURNAL = {{EURASIP Journal on Embedded Systems}},
  HAL_LOCAL_REFERENCE = {D{\'e}partement Images et Signal},
  PUBLISHER = {{SpringerOpen}},
  VOLUME = {2008},
  PAGES = {http://www.hindawi.com/GetArticle.aspx?doi=10.1155/2008/930250},
  YEAR = {2008},
  MONTH = Nov,
  DOI = {10.1155/2008/930250},
  HAL_ID = {hal-00367321},
  HAL_VERSION = {v1},
}

@article{gallinmartel:hal-00703776,
  TITLE = {\textcolor{red}{{Experimental results and first 22Na source image reconstruction by two prototype modules in coincidence of a liquid xenon positron emission tomograph for small animal imaging}}},
  AUTHOR = {Gallin-Martel, M.L. and Grondin, Yannick and Gac, Nicolas and Carcagno, Y. and Gallin-Martel, L. and Grondin, D. and Marton, M. and Muraz, J.F. and Rossetto, O. and Vezzu, F.},
  URL = {https://hal.archives-ouvertes.fr/hal-00703776},
  JOURNAL = {{Nuclear Instruments and Methods in Physics Research Section A: Accelerators, Spectrometers, Detectors and Associated Equipment}},
  PUBLISHER = {{Elsevier}},
  VOLUME = {682},
  PAGES = {66-74},
  YEAR = {2012},
  MONTH = Aug,
  DOI = {10.1016/j.nima.2012.04.006},
  KEYWORDS = {Medical imaging equipment ; Liquid xenon ; Positron emission tomography (PET)},
  PDF = {https://hal.archives-ouvertes.fr/hal-00703776/file/pre-print_GALLIN-MARTEL_Xenon_Liquid_PET_2012.pdf},
  HAL_ID = {hal-00703776},
  HAL_VERSION = {v1},
}

@article{mancini:hal-00122552,
  TITLE = {\textcolor{red}{{Application d'un cache 2D pr{\'e}dictif {\`a} l'acc{\'e}l{\'e}ration de la r{\'e}troprojection TEP 2D}}},
  AUTHOR = {Mancini, St{\'e}phane and Gac, Nicolas and Desvignes, Michel and Bourrion, O. and Rossetto, O.},
  URL = {https://hal.archives-ouvertes.fr/hal-00122552},
  JOURNAL = {{Traitement du Signal}},
  HAL_LOCAL_REFERENCE = {LPSC06138},
  PUBLISHER = {{Lavoisier}},
  VOLUME = {23},
  PAGES = {Num{\'e}ro 5-6},
  YEAR = {2006},
  KEYWORDS = {R{\'e}tro-projection ; Reconstruction ; Imagerie TEP ; FPGA ; Cache ; System on Programmable Chip ; Partitionnement mat{\'e}riel/logiciel ; Ad{\'e}quation Algorithme Architecture},
  HAL_ID = {hal-00122552},
  HAL_VERSION = {v1},
}

@article{boulay:hal-00930953,
  TITLE = {\textcolor{red}{{Algorithmes de reconnaissance NCTR et parall{\'e}lisation sur GPU}}},
  AUTHOR = {Boulay, Thomas and Gac, Nicolas and Mohammad-Djafari, Ali and Lagoutte, Julien},
  URL = {https://hal.archives-ouvertes.fr/hal-00930953},
  JOURNAL = {{Traitement du Signal}},
  PUBLISHER = {{Lavoisier}},
  VOLUME = {6},
  PAGES = {309-342},
  YEAR = {2013},
  MONTH = Dec,
  DOI = {10.3166/TS.30.309-342},
  PDF = {https://hal.archives-ouvertes.fr/hal-00930953/file/ArticleRevueTS_versionacceptA_e_21_05_2013.pdf},
  HAL_ID = {hal-00930953},
  HAL_VERSION = {v1},
}

@article{wang:hal-01490523,
  TITLE = {\textcolor{red}{{X-ray Computed Tomography using a sparsity enforcing prior model based on Haar transformation in a Bayesian framework}}},
  AUTHOR = {Wang, Li and Mohammad-Djafari, Ali and Gac, Nicolas},
  URL = {https://hal.archives-ouvertes.fr/hal-01490523},
  JOURNAL = {{Fundamenta Informaticae}},
  PUBLISHER = {{Polskie Towarzystwo Matematyczne}},
  VOLUME = {155},
  NUMBER = {4},
  PAGES = {449-480},
  YEAR = {2017},
  DOI = {10.3233/FI-2017-1594},
  KEYWORDS = {Joint Maximum A Posterior (JMAP) ; Computed Tomography (CT) ; Hierarchical Model ; Generalized Student-t distribution ; Bayesian Approach},
  PDF = {https://hal.archives-ouvertes.fr/hal-01490523/file/FI_LW_AMD_NG_revised.pdf},
  HAL_ID = {hal-01490523},
  HAL_VERSION = {v1},
}

@inproceedings{martelli:hal-01841029,
  TITLE = {\textcolor{red}{{Harnessing FPGAs potential with OpenCL}}},
  AUTHOR = {Martelli, Maxime and Gac, Nicolas and M{\'e}rigot, Alain and Enderli, Cyrille},
  URL = {https://hal.archives-ouvertes.fr/hal-01841029},
  BOOKTITLE = {{13{\`e}me Colloque nationale du GDR SoC/SiP}},
  ADDRESS = {Paris, France},
  YEAR = {2018},
  MONTH = Jun,
  PDF = {https://hal.archives-ouvertes.fr/hal-01841029/file/GDR_SoCSiP_2018_paper_26.pdf},
  HAL_ID = {hal-01841029},
  HAL_VERSION = {v1},
}

@inproceedings{martelli:hal-01569320,
  TITLE = {\textcolor{red}{{3D Tomography parallelization on FPGAs via HLS tools}}},
  AUTHOR = {Martelli, Maxime and Gac, Nicolas and M{\'e}rigot, Alain and Enderli, Cyrille},
  URL = {https://hal.archives-ouvertes.fr/hal-01569320},
  BOOKTITLE = {{DASIP}},
  ADDRESS = {dresden, Germany},
  PAGES = {1-6},
  YEAR = {2017},
  MONTH = Sep,
  DOI = {10.1109/DASIP.2017.8122119},
  KEYWORDS = {Optimization ; High-Level Synthesis ; GPU ; FPGA ; OpenCL},
  PDF = {https://hal.archives-ouvertes.fr/hal-01569320/file/DASIP_article.pdf},
  HAL_ID = {hal-01569320},
  HAL_VERSION = {v1},
}

@inproceedings{wang:hal-01490508,
  TITLE = {\textcolor{red}{{X-ray computed tomography simultaneous image reconstruction and contour detection using a hierarchical markovian model}}},
  AUTHOR = {Wang, Li and Mohammad-Djafari, Ali and Gac, Nicolas},
  URL = {https://hal.archives-ouvertes.fr/hal-01490508},
  BOOKTITLE = {{The 42nd IEEE International Conference on Acoustics, Speech and Signal Processing (ICASSP 2017)}},
  ADDRESS = {New Orleans, United States},
  PAGES = {6070-6074},
  YEAR = {2017},
  MONTH = Mar,
  DOI = {10.1109/ICASSP.2017.7953322},
  KEYWORDS = {Computed Tomography ; Non Destructive Testing ; Generalized Student-t distribution ; Markovian Model ; Simultaneous reconstruction and contour detection},
  PDF = {https://hal.archives-ouvertes.fr/hal-01490508/file/ICASSP2017_ROCC_Wang_Final.pdf},
  HAL_ID = {hal-01490508},
  HAL_VERSION = {v1},
}

@inproceedings{wang:hal-01490554,
  TITLE = {\textcolor{red}{{3D X-ray Computed Tomography reconstruction using sparsity enforcing Hierarchical Model based on Haar Transformation}}},
  AUTHOR = {Wang, Li and Mohammad-Djafari, Ali and Gac, Nicolas and Dumitru, Mircea},
  URL = {https://hal.archives-ouvertes.fr/hal-01490554},
  BOOKTITLE = {{The 2017 International Conference on Fully Three-Dimensional Image Reconstruction in Radiology and Nuclear Medicine}},
  ADDRESS = {Xi'an, China},
  PAGES = {295-298},
  YEAR = {2017},
  MONTH = Jun,
  KEYWORDS = { Generalized Student-t distribution ;  Bayesian Approach ; Joint Maximum A Posterior (JMAP) ; Computed Tomography (CT) ;  Hierarchical Model},
  PDF = {https://hal.archives-ouvertes.fr/hal-01490554/file/Fully3D_LW_AMD_NG_MD.pdf},
  HAL_ID = {hal-01490554},
  HAL_VERSION = {v1},
}

@inproceedings{dumitru:hal-01568325,
  TITLE = {\textcolor{red}{{Unsupervised sparsity enforcing iterative algorithms for 3D image reconstruction in X-ray computed tomography}}},
  AUTHOR = {Dumitru, Mircea and Gac, Nicolas and Wang, Li and Mohammad-Djafari, Ali},
  URL = {https://hal.archives-ouvertes.fr/hal-01568325},
  BOOKTITLE = {{The 2017 International Conference on Fully Three-Dimensional Image Reconstruction in Radiology and Nuclear Medicine}},
  ADDRESS = {Xi'an, China},
  PAGES = {359-362},
  YEAR = {2017},
  MONTH = Jun,
  KEYWORDS = {Bayesian inference ; Computed Tomography ; Normal variance mixtures ; sparsity},
  PDF = {https://hal.archives-ouvertes.fr/hal-01568325/file/Fully3D2017.pdf},
  HAL_ID = {hal-01568325},
  HAL_VERSION = {v1},
}



@inproceedings{chapdelaine:hal-01745746,
  TITLE = {\textcolor{red}{{New GPU implementation of Separable Footprint (SF) Projector and Backprojector : first results}}},
  AUTHOR = {Chapdelaine, Camille and Gac, Nicolas and Djafari, Ali-Mohammad and Parra-Denis, Estelle},
  URL = {https://hal.archives-ouvertes.fr/hal-01745746},
  BOOKTITLE = {{The Fifth International Conference on  Image Formation  in X-Ray Computed Tomography}},
  ADDRESS = {Salt Lake City, United States},
  PAGES = {314-317},
  YEAR = {2018},
  MONTH = May,
  KEYWORDS = {Index Terms-Computed Tomography ; Separable Footprint ; Graphical Processor Unit ; iterative reconstruction methods},
  PDF = {https://hal.archives-ouvertes.fr/hal-01745746/file/CTmeeting2018Chapdelaine.pdf},
  HAL_ID = {hal-01745746},
  HAL_VERSION = {v1},
}


@inproceedings{seznec:hal-01837982,
  TITLE = {\textcolor{red}{{A Study on Convolution Operator Using Half Precision Floating Point Numbers on GPU for Radioastronomy Deconvolution}}},
  AUTHOR = {Seznec, M. and Gac, N. and Ferrari, A. and Orieux, F.},
  URL = {https://hal.archives-ouvertes.fr/hal-01837982},
  BOOKTITLE = {{IEEE Workshop on Signal Processing Systems (SIPS)}},
  ADDRESS = {Cape Town, South Africa},
  YEAR = {2018},
  MONTH = Oct,
  PDF = {https://hal.archives-ouvertes.fr/hal-01837982/file/A_Study_on_Convolution_Using_Half_Precision_Floating_Point_Numbers_on_GPU_for_Radio_Astronomy_Deconvolution.pdf},
   HAL_ID = {hal-01837982},
  HAL_VERSION = {v1},
}

@inproceedings{chapdelaine:hal-01569301,
  TITLE = {\textcolor{red}{{Joint Reconstruction and Segmentation of Real 3D Data in Computed Tomography thanks to a Gauss-Markov-Potts Prior Model,}}},
  AUTHOR = {Chapdelaine, Camille and Mohammad-Djafari, Ali and Gac, Nicolas and Parra-Denis, Estelle},
  URL = {https://hal.archives-ouvertes.fr/hal-01569301},
  BOOKTITLE = {{Fully 3D}},
  ADDRESS = {Xian, China},
  PAGES = {810-813},
  YEAR = {2017},
  MONTH = Jun,
  PDF = {https://hal.archives-ouvertes.fr/hal-01569301/file/Fully3D2017Chapdelaine.pdf},
  HAL_ID = {hal-01569301},
  HAL_VERSION = {v1},
}

@misc{boulay:hal-01851986,
  TITLE = {\textcolor{red}{{Impl{\'e}mentation et optimisation du calcul sur GPUs FERMI et non FERMI de la distance euclidienne entre des profils distance obtenus {\`a} partir de donn{\'e}es radar dans le contexte NCTR }}},
  AUTHOR = {Boulay, Thomas and Gac, Nicolas and Mohammad-Djafari, Ali and Lagoutte, Julien},
  URL = {https://hal.archives-ouvertes.fr/hal-01851986},
  NOTE = {Poster},
  HOWPUBLISHED = {{Ecole d'{\'e}t{\'e} GPU}},
  YEAR = {2011},
  MONTH = Jun,
  PDF = {https://hal.archives-ouvertes.fr/hal-01851986/file/poster_thomas_boulay-1.pdf},
  HAL_ID = {hal-01851986},
  HAL_VERSION = {v1},
}

@inproceedings{dumitru:hal-01569349,
  TITLE = {\textcolor{red}{{Comparaison des performances d'algorithmes it{\'e}ratifs bay{\'e}siens bas{\'e}s sur trois classes de mod{\`e}les a priori parcimonieux appliqu{\'e}s {\`a} la reconstruction tomographique}}},
  AUTHOR = {Dumitru, Mircea and Wang, Li and Gac, Nicolas and Mohammad-Djafari, Ali},
  URL = {https://hal.archives-ouvertes.fr/hal-01569349},
  BOOKTITLE = {{26eme Colloque GRETSI Traitement du Signal \& des Images, GRETSI 2017}},
  ADDRESS = {Juans-Les-Pins, France},
  YEAR = {2017},
  MONTH = Sep,
  PDF = {https://hal.archives-ouvertes.fr/hal-01569349/file/Gretsi2017_Mircea.pdf},
  HAL_ID = {hal-01569349},
  HAL_VERSION = {v1},
}

@misc{boulay:hal-01771489,
  TITLE = {\textcolor{red}{{TomoBayes v1.0 - logiciel de reconstruction en tomographie CT  - Ref CNRS du pr{\'e}-d{\'e}p{\^o}t APP 11562-03 (num IDDN prochainement disponible)}}},
  AUTHOR = {Boulay, Thomas and Gac, Nicolas and Mohammad-Djafari, Ali and Parra-Denis, Estelle and Le Guilloux, Yann},
  URL = {https://hal.inria.fr/hal-01771489},
  YEAR = {2015},
  MONTH = Dec,
  KEYWORDS = {Inverse Problems ; Computed Tomograhy CT ; Tomographic Reconstruction ; Parallel computing ; GPU Computing ; Bayesian inference},
  HAL_ID = {hal-01771489},
  HAL_VERSION = {v1},
}

@inproceedings{wang:hal-01403784,
  TITLE = {\textcolor{red}{{Computed tomography reconstruction based on a hierarchical model and variational Bayesian method}}},
  AUTHOR = {Wang, Li and Mohammad-Djafari, Ali and Gac, Nicolas and Dumitru, Mircea},
  URL = {https://hal.archives-ouvertes.fr/hal-01403784},
  BOOKTITLE = {{IEEE International Conference on Acoustics, Speech and Signal Processing (ICASSP)}},
  ADDRESS = {Shanghai, China},
  PAGES = {883-887},
  YEAR = {2016},
  MONTH = Mar,
  DOI = {10.1109/ICASSP.2016.7471802},
  KEYWORDS = { Computed Tomography (CT) ; Student-t prior models ;  Bayesian Method ;  Hierarchical Model ;  Non Destructive Testing (NDT)},
  PDF = {https://hal.archives-ouvertes.fr/hal-01403784/file/ICASSP_Wang_Final.pdf},
  HAL_ID = {hal-01403784},
  HAL_VERSION = {v1},
}

@patent{chapdelaine:hal-01788556,
  TITLE = {\textcolor{red}{{Proc{\'e}d{\'e} et dispositif de contr{\^o}le non-destructif d'une pi{\`e}ce}}},
  AUTHOR = {Chapdelaine, Camille and Mohammad-Djafari, Ali and Parra-Denis, Estelle and Gac, Nicolas},
  URL = {https://hal.archives-ouvertes.fr/hal-01788556},
  NUMBER = {18/53648},
  ADDRESS = {France},
  YEAR = {2018},
  MONTH = Apr,
  HAL_ID = {hal-01788556},
  HAL_VERSION = {v1},
}

@misc{gac:hal-01759782,
  TITLE = {\textcolor{red}{{opgpuTomoGPI - Ref CNRS du pr{\'e}-d{\'e}p{\^o}t APP 11562-01 (num IDDN prochainement disponible)}}},
  AUTHOR = {Gac, Nicolas and Djafari, Ali-Mohammad},
  URL = {https://hal.inria.fr/hal-01759782},
  HAL_LOCAL_REFERENCE = {pr{\'e}-d{\'e}p{\^o}t au CNRS - R{\'e}f{\'e}rence interne 11562-01 (num IDDN prochainement disponible)},
  YEAR = {2014},
  MONTH = Aug,
  HAL_ID = {hal-01759782},
  HAL_VERSION = {v1},
}

@misc{chen:hal-01851992,
  TITLE = {\textcolor{red}{{Parallelization on a 8-GPU server of iterative 3D reconstruction algorithm for dental X-ray tomography }}},
  AUTHOR = {Chen, Long and Gac, Nicolas and Rodet, Thomas and maury, colombe},
  URL = {https://hal.archives-ouvertes.fr/hal-01851992},
  NOTE = {Poster},
  HOWPUBLISHED = {{PUMPS summer school}},
  YEAR = {2012},
  MONTH = Jul,
  PDF = {https://hal.archives-ouvertes.fr/hal-01851992/file/gac_28229.pdf},
  HAL_ID = {hal-01851992},
  HAL_VERSION = {v1},
}

@inproceedings{mohammaddjafari:hal-01837986,
  TITLE = {\textcolor{red}{{Bayesian Inference with Error Variable Splitting and Sparsity Enforcing Priors for Linear Inverse Problems}}},
  AUTHOR = {Mohammad-Djafari, Ali and Dumitru, Mircea and Chapdelaine, Camille and Gac, Nicolas},
  URL = {https://hal.archives-ouvertes.fr/hal-01837986},
  BOOKTITLE = {{26th European Signal Processing Conference (EUSIPCO 2018)}},
  ADDRESS = {Rome, Italy},
  YEAR = {2018},
  MONTH = Sep,
  HAL_ID = {hal-01837986},
  HAL_VERSION = {v1},
}

@misc{dumitru:hal-01759762,
  TITLE = {\textcolor{red}{{iterTomoGPI-GPL - Ref CNRS du pr{\'e}-d{\'e}p{\^o}t APP 11562-02 (num IDDN prochainement disponible)}}},
  AUTHOR = {Dumitru, Mircea and Wang, Li and Gac, Nicolas and Mohammad-Djafari, Ali},
  URL = {https://hal.inria.fr/hal-01759762},
  HAL_LOCAL_REFERENCE = {pr{\'e}-d{\'e}p{\^o}t au CNRS - R{\'e}f{\'e}rence interne 11562-02 (num IDDN prochainement disponible)},
  YEAR = {2018},
  MONTH = Apr,
  KEYWORDS = {Computed Tomograhy CT ; Bayesian inference ; Inverse Problems ; Tomographic Reconstruction},
  HAL_ID = {hal-01759762},
  HAL_VERSION = {v1},
}

@article{wang:hal-01950706,
  TITLE = {\textcolor{red}{{Bayesian 3D X-ray Computed Tomography with a Hierarchical Prior model for Sparsity in Haar Transform domain}}},
  AUTHOR = {Wang, Li and Mohammad-Djafari, Ali and Gac, Nicolas and Dumitru, Mircea},
  URL = {https://hal.archives-ouvertes.fr/hal-01950706},
  JOURNAL = {{Entropy}},
  PUBLISHER = {{MDPI}},
  SERIES = {Special Issue ''Probabilistic Methods for Inverse Problems''},
  YEAR = {2018},
  MONTH = Dec,
  DOI = {10.3390/e20120977},
  HAL_ID = {hal-01950706},
  HAL_VERSION = {v1},
}

@misc{gac:hal-01851994,
  TITLE = {\textcolor{red}{{[OMTE 2008/2009] GPU speed-up of a 3D Bayesian CT algorithm : reconstruction of a real foam}}},
  AUTHOR = {Gac, Nicolas and Rabanal, Asier and Vabre, Alexandre and Mohammad-Djafari, Ali},
  URL = {https://hal.archives-ouvertes.fr/hal-01851994},
  NOTE = {Poster},
  HOWPUBLISHED = {{Forum Digiteo}},
  YEAR = {2010},
  MONTH = Oct,
  PDF = {https://hal.archives-ouvertes.fr/hal-01851994/file/45_gac.pdf},
  HAL_ID = {hal-01851994},
  HAL_VERSION = {v1},
}

@inproceedings{chen:hal-01403846,
  TITLE = {\textcolor{red}{{A simple and efficient super-short-scan algorithm of fan-beam reconstruction for multiple circular trajectories: solution towards the truncated data}}},
  AUTHOR = {Chen, Long and Rodet, Thomas and Gac, Nicolas},
  URL = {https://hal.archives-ouvertes.fr/hal-01403846},
  BOOKTITLE = {{The Third International Conference on  Image Formation  in X-Ray Computed Tomography }},
  ADDRESS = {Salt Lake City, United States},
  PAGES = {212-215},
  YEAR = {2014},
  MONTH = Jun,
  PDF = {https://hal.archives-ouvertes.fr/hal-01403846/file/ct2014.pdf},
  HAL_ID = {hal-01403846},
  HAL_VERSION = {v1},
}

@inproceedings{dumitru:hal-01568318,
  TITLE = {\textcolor{red}{{Model selection in the sparsity context for inverse problems in Bayesian framework}}},
  AUTHOR = {Dumitru, Mircea and Wang, Li and Mohammad-Djafari, Ali and Gac, Nicolas},
  URL = {https://hal.archives-ouvertes.fr/hal-01568318},
  BOOKTITLE = {{37th International Workshop on Bayesian Inference and Maximum Entropy Methods in Science and Engineering}},
  ADDRESS = {Jarinu, Brazil},
  YEAR = {2017},
  MONTH = Jul,
  PDF = {https://hal.archives-ouvertes.fr/hal-01568318/file/Dumitru_MaxEnt2017.pdf},
  HAL_ID = {hal-01568318},
  HAL_VERSION = {v1},
}

@inproceedings{dumitru:hal-01568337,
  TITLE = {\textcolor{red}{{Performance comparison of Bayesian iterative algorithms for three classes of sparsity enforcing priors with application in computed tomography}}},
  AUTHOR = {Dumitru, Mircea and Li, Wang and Gac, Nicolas and Mohammad-Djafari, Ali},
  URL = {https://hal.archives-ouvertes.fr/hal-01568337},
  BOOKTITLE = {{2017 IEEE International Conference on Image Processing}},
  ADDRESS = {Beijing, China},
  YEAR = {2017},
  MONTH = Sep,
  KEYWORDS = {Normal variance mixtures ; Bayesian in- ference ; sparsity enforcing priors ; image reconstruction},
  PDF = {https://hal.archives-ouvertes.fr/hal-01568337/file/ICIP2017.pdf},
  HAL_ID = {hal-01568337},
  HAL_VERSION = {v1},
}

@inproceedings{wang:hal-01567875,
  TITLE = {\textcolor{red}{{Bayesian method with sparsity enforcing prior of dual-tree complex wavelet transform coefficients for X-ray CT image reconstruction}}},
  AUTHOR = {Wang, Li and Mohammad-Djafari, Ali and Gac, Nicolas},
  URL = {https://hal.archives-ouvertes.fr/hal-01567875},
  BOOKTITLE = {{25th European Signal Processing Conference (EUSIPCO 2017)}},
  ADDRESS = {Kos island, Greece},
  YEAR = {2017},
  MONTH = Aug,
  DOI = {10.23919/eusipco.2017.8081253 },
  KEYWORDS = {Joint Maximum A Posterior (JMAP). ; Hierarchical Model ; Bayesian Approach ; Computed Tomography (CT) ; Generalized Student-t distribution ; Dual-Tree Complex Wavelet Transformation (DT-CWT)},
  PDF = {https://hal.archives-ouvertes.fr/hal-01567875/file/Eusipco2017_LW_AMD_NG_Revised.pdf},
  HAL_ID = {hal-01567875},
  HAL_VERSION = {v1},
}

@inproceedings{wang:hal-01567888,
  TITLE = {\textcolor{red}{{Reconstruction 3D en tomographie {\`a} rayons X {\`a} l'aide d'un mod{\`e}le a priori hi{\'e}rarchique utilisant la transformation de Haar}}},
  AUTHOR = {Wang, Li and Gac, Nicolas and Mohammad-Djafari, Ali},
  URL = {https://hal.archives-ouvertes.fr/hal-01567888},
  BOOKTITLE = {{26eme Colloque GRETSI Traitement du Signal \& des Images, GRETSI 2017}},
  ADDRESS = {Juan-Les-Pins, France},
  YEAR = {2017},
  MONTH = Sep,
  PDF = {https://hal.archives-ouvertes.fr/hal-01567888/file/Gretsi_LW_NG_AMD_revised.pdf},
  HAL_ID = {hal-01567888},
  HAL_VERSION = {v1},
}

@article{martelli:hal-01831884,
  TITLE = {\textcolor{red}{3D Tomography back-projection parallelization on Intel FPGAs using OpenCL}},
  AUTHOR = {Martelli, M. and Gac, N. and M{\'e}rigot, A. and Enderli, C.},
  URL = {https://hal.archives-ouvertes.fr/hal-01831884},
  JOURNAL = {{Journal of Signal Processing Systems}},
  PUBLISHER = {{Springer}},
  YEAR = {2018},
  DOI = {10.1007/s11265-018-1403-6},
  KEYWORDS = {GPU ; Tomography Reconstruction ; High-Level Synthesis ; FPGA ; OpenCL},
  HAL_ID = {hal-01831884},
  HAL_VERSION = {v1},
}

@article{chapdelaine:hal-01948680,
  TITLE = {\textcolor{red}{{Error-Splitting Forward Model for Iterative Reconstruction in X-ray Computed Tomography and application with Gauss-Markov-Potts prior}}},
  AUTHOR = {Chapdelaine, Camille and Mohammad-Djafari, Ali and Gac, Nicolas and Parra, Estelle},
  URL = {https://hal.archives-ouvertes.fr/hal-01948680},
  JOURNAL = {{IEEE Transactions on Computational Imaging}},
  PUBLISHER = {{IEEE}},
  PAGES = {1-1},
  YEAR = {2018},
  HAL_ID = {hal-01948680},
  HAL_VERSION = {v1},
}

@inproceedings{georgin:hal-02070223,
  TITLE = {\textcolor{red}{{Multi-streaming and multi-GPU optimization for a matched pair of Projector and Backprojector}}},
  AUTHOR = {Georgin, Nicolas and Chapdelaine, Camille and Gac, Nicolas and Ali, Mohammad-Djafari and Parra-Denis, Estelle},
  URL = {https://hal.archives-ouvertes.fr/hal-02070223},
  BOOKTITLE = {{Fully3D}},
  ADDRESS = {Philadelphia, United States},
  YEAR = {2019},
  MONTH = Jun,
  HAL_ID = {hal-02070223},
  HAL_VERSION = {v1},
}

@article{chapdelaine:hal-01569332,
  TITLE = {\textcolor{red}{{A 3D Bayesian Computed Tomography Reconstruction Algorithm with Gauss-Markov-Potts Prior Model and its Application to Real Data}}},
  AUTHOR = {Chapdelaine, Camille and Mohammad-Djafari, Ali and Gac, Nicolas and Parra-Denis, Estelle},
  URL = {https://hal.archives-ouvertes.fr/hal-01569332},
  JOURNAL = {{Fundamenta Informaticae}},
  PUBLISHER = {{Polskie Towarzystwo Matematyczne}},
  VOLUME = {155},
  NUMBER = {4},
  PAGES = {373-405},
  YEAR = {2017},
  DOI = {10.3233/FI-2017-1591},
  KEYWORDS = {iterative CT recon- struction ; Gauss-Markov-Potts ; Bayesian ; iterative CT reconstruction ; X-ray ; 3D Computed Tomography},
  PDF = {https://hal.archives-ouvertes.fr/hal-01569332/file/JMAP3DFundaChapdelaine.pdf},
  HAL_ID = {hal-01569332},
  HAL_VERSION = {v1},
}
