@CONFERENCE{xie:17:asf,
	author =	{X. Xie and M. G. McGaffin and Y. Long and J. A. Fessler and M. Wen and J. Lin},
	title =		{Accelerating separable footprint {(SF)} forward and back projection on {GPU}},
	booktitle =	{{Proc. SPIE 10132 Medical Imaging: Phys. Med. Im.}},
	pages =		{{101322S}},
	doi =	{10.1117/12.2252010},
	year =		2017
}

@misc{rapport:23,
    author =	{Mr. C. Chapdelaine},
	title =		{Implémentation d’une paire duale de projecteur et de rétroprojecteur à empreintes séparables pour la tomographie
à rayons X, et comparaison avec une paire non duale conventionnelle ray-driven/voxel-driven},
	booktitle =	{{Rapport interne}},
	pages =		{},
	doi =	{},
	year =		2017
}

@misc{rapport:fusion_noyau,
    author =	{Mr. C. Chapdelaine},
	title =		{Accélération sur GPU d'une paire duale projecteur-rétroprojecteur dite à empreinte séparable},
	booktitle =	{{Rapport interne}},
	pages =		{},
	doi =	{},
	year =		2018
}

@msic{chapdelaine2018new,
  title={New GPU implementation of Separable Footprint (SF) Projector and Backprojector: first results},
  author={Chapdelaine, Camille and Gac, Nicolas and Djafari, Ali-Mohammad and Parra-Denis, Estelle},
  booktitle={The Fifth International Conference on Image Formation in X-Ray Computed Tomography},
  year={2018}
}

@article{arcadu2016crucial,
  title={On the crucial impact of the coupling projector-backprojector in iterative tomographic reconstruction},
  author={Arcadu, Filippo and Stampanoni, Marco and Marone, Federica},
  journal={arXiv preprint arXiv:1612.05515},
  year={2016}
}

@article{dittmannsimple,
  title={Simple and efficient raycasting on modern GPUs’ read-and-write memory for fast forward projections in iterative CBCT reconstruction},
  author={Dittmann, Jonas and Hanke, Randolf and Fraunhofer, EZRT}
}
